day,timestamp,product,bid_price_1,bid_volume_1,bid_price_2,bid_volume_2,bid_price_3,bid_volume_3,ask_price_1,ask_volume_1,ask_price_2,ask_volume_2,ask_price_3,ask_volume_3,mid_price,profit_and_loss,trades,ret_5,ret_10,ret_20,ret_100,ret_200
-2,0,AMETHYSTS,9996,1,9995.0,25.0,,,10004,1,10005.0,25.0,,,10000.0,0.0,"[('9996.0', '1'), ('9996.0', '1')]",0.0,0.0003,0.0,0.0,0.0
-2,100,AMETHYSTS,10000,5,9995.0,20.0,,,10005,20,,,,,10002.5,0.0,[],-0.00024993751562109475,-0.00014996250937265683,-0.00024993751562109475,0.0,9.997500624843789e-05
-2,200,AMETHYSTS,9996,1,9995.0,30.0,,,10004,1,10005.0,30.0,,,10000.0,0.0,[],0.0001,0.0001,0.0003,0.0,0.0003
-2,300,AMETHYSTS,9996,1,9995.0,26.0,,,10004,1,10005.0,26.0,,,10000.0,0.0,[],0.0,0.00025,0.0,0.0,0.0
-2,400,AMETHYSTS,9995,20,,,,,9998,3,10002.0,9.0,10005.0,20.0,9996.5,0.0,[],0.0003501225428900115,0.0,0.0003501225428900115,0.0002500875306357225,0.0003501225428900115
-2,500,AMETHYSTS,9995,30,,,,,10005,30,,,,,10000.0,0.0,[],0.0003,0.0,-0.00035,0.0,0.0
-2,600,AMETHYSTS,9995,30,,,,,10005,30,,,,,10000.0,0.0,[],0.0001,0.0,0.0,-0.0001,-0.00035
-2,700,AMETHYSTS,9998,5,9996.0,1.0,9995.0,27.0,10004,1,10005.0,27.0,,,10001.0,0.0,[],0.0,-0.00024997500249975,-0.00019998000199980003,-9.999000099990002e-05,-9.999000099990002e-05
-2,800,AMETHYSTS,9996,2,9995.0,21.0,,,10004,2,10005.0,21.0,,,10000.0,0.0,[],0.00025,0.00015,0.0,0.0,0.0
-2,900,AMETHYSTS,9995,30,,,,,10005,30,,,,,10000.0,0.0,[],-0.00035,0.0,0.0,0.0,-0.0003
-2,1000,AMETHYSTS,10002,1,9996.0,2.0,9995.0,22.0,10004,2,10005.0,22.0,,,10003.0,0.0,[],-0.00029991002699190244,-0.00029991002699190244,0.0,-0.00029991002699190244,-0.00029991002699190244
-2,1100,AMETHYSTS,9998,3,9996.0,1.0,9995.0,25.0,10004,1,10005.0,25.0,,,10001.0,0.0,[],-9.999000099990002e-05,-9.999000099990002e-05,-9.999000099990002e-05,-9.999000099990002e-05,-9.999000099990002e-05
-2,1200,AMETHYSTS,9998,6,9996.0,1.0,9995.0,27.0,10004,1,10005.0,27.0,,,10001.0,0.0,[],-0.00024997500249975,0.00019998000199980003,-9.999000099990002e-05,-9.999000099990002e-05,-9.999000099990002e-05
-2,1300,AMETHYSTS,10000,3,9995.0,23.0,,,10005,23,,,,,10002.5,0.0,[],-9.997500624843789e-05,-0.00024993751562109475,-0.00024993751562109475,-0.00024993751562109475,-0.00034991252186953263
-2,1400,AMETHYSTS,9995,26,,,,,9998,3,10005.0,26.0,,,9996.5,0.0,[],0.0003501225428900115,0.0003501225428900115,0.0003501225428900115,0.0003501225428900115,0.0003501225428900115
-2,1500,AMETHYSTS,9996,2,9995.0,25.0,,,10004,2,10005.0,25.0,,,10000.0,0.0,"[('10004.0', '1')]",0.0,-0.00035,0.0,0.00035,-0.0001
-2,1600,AMETHYSTS,9996,1,9995.0,23.0,,,10004,1,10005.0,23.0,,,10000.0,0.0,[],0.0,0.0,0.00015,-0.00015,0.0
-2,1700,AMETHYSTS,9995,28,,,,,10002,6,10005.0,28.0,,,9998.5,0.0,[],0.000450067510126519,5.000750112516878e-05,0.00015002250337550632,0.00015002250337550632,0.00015002250337550632
-2,1800,AMETHYSTS,9998,10,9995.0,24.0,,,10005,24,,,,,10001.5,0.0,[],-0.00014997750337449384,-0.00014997750337449384,-0.0002999550067489877,-0.00014997750337449384,0.00014997750337449384
-2,1900,AMETHYSTS,9996,1,9995.0,25.0,,,10004,1,10005.0,25.0,,,10000.0,0.0,[],0.0,0.0,0.0,0.0,0.00015
-2,2000,AMETHYSTS,9996,1,9995.0,30.0,,,10004,1,10005.0,30.0,,,10000.0,0.0,[],-0.00035,0.0003,0.00015,0.0,0.00015
-2,2100,AMETHYSTS,9996,2,9995.0,20.0,,,10004,2,10005.0,20.0,,,10000.0,0.0,[],0.0,0.0,0.00015,0.0,0.0
-2,2200,AMETHYSTS,10002,1,9996.0,1.0,9995.0,25.0,10004,1,10005.0,25.0,,,10003.0,0.0,[],-0.00039988003598920324,-0.00029991002699190244,-0.00019994001799460162,-0.00029991002699190244,-0.00039988003598920324
-2,2300,AMETHYSTS,9996,2,9995.0,28.0,,,10004,2,10005.0,28.0,,,10000.0,0.0,[],0.0,0.0,0.0,0.00015,0.0
-2,2400,AMETHYSTS,9995,30,,,,,10005,30,,,,,10000.0,0.0,[],0.0,0.0,0.0001,0.0,0.0
-2,2500,AMETHYSTS,9995,21,,,,,9998,1,10005.0,21.0,,,9996.5,0.0,"[('9998.0', '1')]",0.0006502275796528785,0.0003501225428900115,0.0004501575551443005,0.0002500875306357225,0.0003501225428900115
-2,2600,AMETHYSTS,9996,1,9995.0,21.0,,,10004,1,10005.0,21.0,,,10000.0,0.0,[],0.0,0.00015,0.0,0.0,0.0
-2,2700,AMETHYSTS,9996,1,9995.0,26.0,,,10002,8,10004.0,1.0,10005.0,26.0,9999.0,0.0,[],0.00010001000100010001,0.00010001000100010001,0.0,0.00010001000100010001,-0.00025002500250025
-2,2800,AMETHYSTS,9995,28,,,,,10005,28,,,,,10000.0,0.0,[],0.0,-0.00015,-0.0001,-0.00035,0.0003
-2,2900,AMETHYSTS,9995,30,,,,,10005,30,,,,,10000.0,0.0,[],0.0,0.0,0.0003,-0.00035,0.0
-2,3000,AMETHYSTS,10002,3,9996.0,2.0,9995.0,26.0,10004,2,10005.0,26.0,,,10003.0,0.0,[],-0.00029991002699190244,-0.00014995501349595122,-0.00039988003598920324,-0.0005998200539838049,0.0
-2,3100,AMETHYSTS,9996,2,9995.0,23.0,,,10004,2,10005.0,23.0,,,10000.0,0.0,[],0.00015,0.00015,0.0,0.0002,-0.0003
-2,3200,AMETHYSTS,9996,2,9995.0,26.0,,,10004,2,10005.0,26.0,,,10000.0,0.0,"[('9996.0', '1')]",0.0,0.0001,0.0,-0.0001,0.0
-2,3300,AMETHYSTS,9995,20,,,,,10005,20,,,,,10000.0,0.0,"[('9995.0', '2')]",-0.00015,0.0,0.0,-0.0001,0.0001
-2,3400,AMETHYSTS,9996,1,9995.0,22.0,,,10004,1,10005.0,22.0,,,10000.0,0.0,[],0.0,0.0001,0.0,0.0001,0.0
-2,3500,AMETHYSTS,9996,2,9995.0,29.0,,,10004,2,10005.0,29.0,,,10000.0,0.0,[],0.00015,0.0001,0.0001,0.00015,0.0
-2,3600,AMETHYSTS,9998,3,9995.0,26.0,,,10005,26,,,,,10001.5,0.0,"[('10005.0', '6')]",0.0,-0.00014997750337449384,4.999250112483127e-05,9.998500224966255e-05,-0.00024996250562415637
-2,3700,AMETHYSTS,9996,2,9995.0,25.0,,,10004,2,10005.0,25.0,,,10000.0,0.0,[],0.0001,-0.0001,-0.00015,0.0,0.0
-2,3800,AMETHYSTS,9995,27,,,,,10002,7,10005.0,27.0,,,9998.5,0.0,[],0.00015002250337550632,5.000750112516878e-05,0.00015002250337550632,0.00015002250337550632,0.00015002250337550632
-2,3900,AMETHYSTS,9996,1,9995.0,25.0,,,10004,1,10005.0,25.0,,,10000.0,0.0,[],0.0001,0.0003,0.0001,0.0,-0.00035
-2,4000,AMETHYSTS,9998,2,9995.0,27.0,,,10005,27,,,,,10001.5,0.0,"[('9998.0', '1')]",-4.999250112483127e-05,-0.00024996250562415637,-0.00014997750337449384,-0.00014997750337449384,-0.00014997750337449384
-2,4100,AMETHYSTS,9998,8,9995.0,28.0,,,10005,28,,,,,10001.5,0.0,[],-0.00014997750337449384,-0.00014997750337449384,-0.00014997750337449384,-0.00014997750337449384,-0.00024996250562415637
-2,4200,AMETHYSTS,9998,6,9996.0,2.0,9995.0,23.0,10004,2,10005.0,23.0,,,10001.0,0.0,"[('10004.0', '2'), ('10004.0', '1')]",-0.00019998000199980003,-9.999000099990002e-05,-9.999000099990002e-05,-9.999000099990002e-05,-9.999000099990002e-05
-2,4300,AMETHYSTS,9995,26,,,,,10005,26,,,,,10000.0,0.0,[],-0.0001,0.0,0.0,0.0,0.00035
-2,4400,AMETHYSTS,9998,8,9996.0,1.0,9995.0,28.0,10004,1,10005.0,28.0,,,10001.0,0.0,[],0.00019998000199980003,-9.999000099990002e-05,-9.999000099990002e-05,-0.00024997500249975,-9.999000099990002e-05
-2,4500,AMETHYSTS,9998,1,9996.0,1.0,9995.0,29.0,10004,1,10005.0,29.0,,,10001.0,0.0,[],-0.00019998000199980003,0.0,9.999000099990002e-05,-0.00019998000199980003,0.0
-2,4600,AMETHYSTS,9996,2,9995.0,29.0,,,10004,2,10005.0,29.0,,,10000.0,0.0,[],0.0,0.0002,0.0,0.0,0.0
-2,4700,AMETHYSTS,9996,1,9995.0,29.0,,,10002,3,10004.0,1.0,10005.0,29.0,9999.0,0.0,[],0.00010001000100010001,-5.000500050005001e-05,0.00020002000200020003,0.00010001000100010001,0.00010001000100010001
-2,4800,AMETHYSTS,9996,2,9995.0,24.0,,,10002,6,10004.0,2.0,10005.0,24.0,9999.0,0.0,[],0.00010001000100010001,0.00010001000100010001,0.00010001000100010001,0.0,0.00010001000100010001
-2,4900,AMETHYSTS,10002,1,9996.0,2.0,9995.0,22.0,10004,2,10005.0,22.0,,,10003.0,0.0,[],-0.00029991002699190244,-0.00019994001799460162,-0.00044986504048785366,-0.00029991002699190244,-0.00039988003598920324
-2,5000,AMETHYSTS,9996,1,9995.0,20.0,,,10002,1,10004.0,1.0,10005.0,20.0,9999.0,0.0,[],0.00020002000200020003,0.00010001000100010001,0.00010001000100010001,0.00010001000100010001,0.00020002000200020003
-2,5100,AMETHYSTS,9996,2,9995.0,29.0,,,10004,2,10005.0,29.0,,,10000.0,0.0,[],0.0002,0.0,0.0,0.0,0.00035
-2,5200,AMETHYSTS,9996,2,9995.0,25.0,,,10004,2,10005.0,25.0,,,10000.0,0.0,[],-0.00015,0.0,0.0,0.00015,0.0
-2,5300,AMETHYSTS,9996,1,9995.0,22.0,,,10004,1,10005.0,22.0,,,10000.0,0.0,[],0.0,0.0,0.0,0.00015,0.0
-2,5400,AMETHYSTS,9996,1,9995.0,29.0,,,10004,1,10005.0,29.0,,,10000.0,0.0,[],0.0001,0.0,-0.00015,-0.00015,0.0
-2,5500,AMETHYSTS,9998,7,9996.0,2.0,9995.0,28.0,10004,2,10005.0,28.0,,,10001.0,0.0,[],-9.999000099990002e-05,9.999000099990002e-05,0.00019998000199980003,-0.00019998000199980003,-0.00019998000199980003
-2,5600,AMETHYSTS,10000,6,9996.0,2.0,9995.0,30.0,10004,2,10005.0,30.0,,,10002.0,0.0,[],-0.0001999600079984003,-0.0001999600079984003,-0.0001999600079984003,-4.999000199960008e-05,-0.0001999600079984003
-2,5700,AMETHYSTS,9995,29,,,,,10002,1,10005.0,29.0,,,9998.5,0.0,[],0.00015002250337550632,0.00025003750562584387,5.000750112516878e-05,0.00015002250337550632,0.000450067510126519
-2,5800,AMETHYSTS,9996,2,9995.0,26.0,,,10004,2,10005.0,26.0,,,10000.0,0.0,[],0.0,0.0,0.0,-0.0001,0.0002
-2,5900,AMETHYSTS,9998,2,9996.0,1.0,9995.0,28.0,10004,1,10005.0,28.0,,,10001.0,0.0,[],-9.999000099990002e-05,-0.00024997500249975,-9.999000099990002e-05,0.00019998000199980003,-0.00019998000199980003
-2,6000,AMETHYSTS,9996,2,9995.0,21.0,,,10004,2,10005.0,21.0,,,10000.0,0.0,[],0.0002,0.0,0.0001,0.0001,0.0
-2,6100,AMETHYSTS,9996,1,9995.0,26.0,,,10004,1,10005.0,26.0,,,10000.0,0.0,[],0.0,0.0,0.0001,0.0,0.0
-2,6200,AMETHYSTS,9996,2,9995.0,23.0,,,10004,2,10005.0,23.0,,,10000.0,0.0,[],0.0001,0.0,-0.00015,0.0001,0.00035
-2,6300,AMETHYSTS,9995,26,,,,,10005,26,,,,,10000.0,0.0,[],0.0,0.0,0.0,-0.00015,0.00015
-2,6400,AMETHYSTS,9995,26,,,,,10005,26,,,,,10000.0,0.0,[],-0.00015,-0.00015,0.00015,-0.0002,0.0
-2,6500,AMETHYSTS,10000,5,9996.0,1.0,9995.0,21.0,10004,1,10005.0,21.0,,,10002.0,0.0,[],-0.0001999600079984003,9.998000399920016e-05,-0.0004999000199960008,-0.00029994001199760045,-9.998000399920016e-05
-2,6600,AMETHYSTS,9996,2,9995.0,23.0,,,10004,2,10005.0,23.0,,,10000.0,0.0,[],0.0,0.0,-0.0001,0.0,0.0
-2,6700,AMETHYSTS,9998,3,9996.0,1.0,9995.0,27.0,10004,1,10005.0,27.0,,,10001.0,0.0,"[('9998.0', '2')]",-9.999000099990002e-05,-0.00019998000199980003,-0.00019998000199980003,-9.999000099990002e-05,9.999000099990002e-05
-2,6800,AMETHYSTS,9996,1,9995.0,23.0,,,10004,1,10005.0,23.0,,,10000.0,0.0,[],0.0,0.0,0.00035,0.0,0.0
-2,6900,AMETHYSTS,9995,28,,,,,10002,1,10005.0,28.0,,,9998.5,0.0,[],0.0,0.00015002250337550632,0.00015002250337550632,0.00025003750562584387,0.00015002250337550632
-2,7000,AMETHYSTS,9995,24,,,,,10005,24,,,,,10000.0,0.0,[],0.0003,0.0001,0.0,0.0,0.00035
-2,7100,AMETHYSTS,9995,26,,,,,10005,26,,,,,10000.0,0.0,[],0.0,0.0001,0.0,0.0,0.0
-2,7200,AMETHYSTS,9996,1,9995.0,26.0,,,10004,1,10005.0,26.0,,,10000.0,0.0,[],-0.0001,-0.00015,-0.00015,0.0,0.0
-2,7300,AMETHYSTS,9996,1,9995.0,27.0,,,10004,1,10005.0,27.0,,,10000.0,0.0,[],0.0,0.0,0.0002,0.0,0.00015
-2,7400,AMETHYSTS,9995,28,,,,,10002,3,10005.0,28.0,,,9998.5,0.0,"[('10002.0', '1')]",0.00015002250337550632,0.00030004500675101265,0.00015002250337550632,0.00030004500675101265,5.000750112516878e-05
-2,7500,AMETHYSTS,10002,1,9996.0,1.0,9995.0,25.0,10004,1,10005.0,25.0,,,10003.0,0.0,"[('10002.0', '1')]",-0.00019994001799460162,-0.0005998200539838049,-0.00039988003598920324,-0.00029991002699190244,0.0
-2,7600,AMETHYSTS,9996,2,9995.0,28.0,,,10004,2,10005.0,28.0,,,10000.0,0.0,[],0.0001,-0.0001,0.0002,0.0,0.0
-2,7700,AMETHYSTS,9996,1,9995.0,25.0,,,10002,1,10004.0,1.0,10005.0,25.0,9999.0,0.0,[],-5.000500050005001e-05,0.0,0.00010001000100010001,0.00010001000100010001,-0.00025002500250025
-2,7800,AMETHYSTS,9996,1,9995.0,21.0,,,10004,1,10005.0,21.0,,,10000.0,0.0,[],0.0,0.00035,0.0,0.0,0.0
-2,7900,AMETHYSTS,9996,1,9995.0,29.0,,,10004,1,10005.0,29.0,,,10000.0,0.0,[],0.00015,0.0,0.0,0.0,0.0003
-2,8000,AMETHYSTS,9998,9,9996.0,1.0,9995.0,23.0,10004,1,10005.0,23.0,,,10001.0,0.0,[],-0.00039996000399960006,-9.999000099990002e-05,-9.999000099990002e-05,9.999000099990002e-05,-9.999000099990002e-05
-2,8100,AMETHYSTS,9998,9,9996.0,1.0,9995.0,20.0,10004,1,10005.0,20.0,,,10001.0,0.0,[],-0.00019998000199980003,-9.999000099990002e-05,0.00014998500149985002,-9.999000099990002e-05,-0.00019998000199980003
-2,8200,AMETHYSTS,9995,30,,,,,10002,10,10005.0,30.0,,,9998.5,0.0,[],5.000750112516878e-05,0.0,0.00015002250337550632,0.00025003750562584387,0.00015002250337550632
-2,8300,AMETHYSTS,9996,2,9995.0,27.0,,,10004,2,10005.0,27.0,,,10000.0,0.0,[],0.00035,0.0002,0.0,0.00015,-0.00035
-2,8400,AMETHYSTS,9998,6,9995.0,25.0,,,10005,25,,,,,10001.5,0.0,[],-0.00014997750337449384,-0.00014997750337449384,-0.00024996250562415637,-0.00024996250562415637,-0.00014997750337449384
-2,8500,AMETHYSTS,9996,1,9995.0,23.0,,,9998,6,10004.0,1.0,10005.0,23.0,9997.0,0.0,[],0.00030009002700810244,0.00020006001800540162,0.00030009002700810244,0.00030009002700810244,0.00030009002700810244
-2,8600,AMETHYSTS,9996,1,9995.0,27.0,,,10002,10,10004.0,1.0,10005.0,27.0,9999.0,0.0,"[('10002.0', '1')]",0.00010001000100010001,0.00030003000300030005,0.0,0.0,-0.00020002000200020003
-2,8700,AMETHYSTS,9996,2,9995.0,22.0,,,10002,5,10004.0,2.0,10005.0,22.0,9999.0,0.0,"[('10002.0', '2')]",-5.000500050005001e-05,0.00010001000100010001,0.00010001000100010001,0.00020002000200020003,0.00020002000200020003
-2,8800,AMETHYSTS,10002,1,9998.0,1.0,9995.0,20.0,10005,20,,,,,10003.5,0.0,"[('10002.0', '1')]",-0.000149947518368571,-0.000349877542859999,-0.000349877542859999,-0.000449842555105713,-0.000349877542859999
-2,8900,AMETHYSTS,9996,1,9995.0,26.0,,,10004,1,10005.0,26.0,,,10000.0,0.0,[],0.0,0.0,0.0,0.0001,0.00015
-2,9000,AMETHYSTS,9996,2,9995.0,29.0,,,10004,2,10005.0,29.0,,,10000.0,0.0,[],-0.0001,0.0,0.0,-0.0001,0.0
-2,9100,AMETHYSTS,9995,24,,,,,10005,24,,,,,10000.0,0.0,[],0.0002,0.00025,0.0,-0.0001,-0.0001
-2,9200,AMETHYSTS,9995,28,,,,,10002,2,10005.0,28.0,,,9998.5,0.0,[],0.00015002250337550632,0.00015002250337550632,0.00015002250337550632,0.00015002250337550632,0.0
-2,9300,AMETHYSTS,10000,5,9998.0,9.0,9996.0,2.0,10004,2,10005.0,26.0,,,10002.0,0.0,[],-0.0001999600079984003,-0.0001999600079984003,-0.0001999600079984003,9.998000399920016e-05,0.00014997000599880023
-2,9400,AMETHYSTS,9996,2,9995.0,25.0,,,10004,2,10005.0,25.0,,,10000.0,0.0,[],0.0,-0.0001,0.0,0.0003,0.0
-2,9500,AMETHYSTS,9996,2,9995.0,23.0,,,10002,6,10004.0,2.0,10005.0,23.0,9999.0,0.0,[],0.00010001000100010001,0.00010001000100010001,0.00045004500450045,0.00040004000400040005,-0.00020002000200020003
-2,9600,AMETHYSTS,10000,3,9996.0,2.0,9995.0,29.0,10004,2,10005.0,29.0,,,10002.0,0.0,"[('10000.0', '3')]",4.999000199960008e-05,-0.00029994001199760045,-0.00034993001399720057,9.998000399920016e-05,-0.0001999600079984003
-2,9700,AMETHYSTS,9996,2,9995.0,28.0,,,10004,2,10005.0,28.0,,,10000.0,0.0,[],0.0,0.0,0.0,0.0,0.0
-2,9800,AMETHYSTS,9996,2,9995.0,23.0,,,10004,2,10005.0,23.0,,,10000.0,0.0,[],0.0,0.0,0.0,0.0,0.0
-2,9900,AMETHYSTS,9996,2,9995.0,25.0,,,10004,2,10005.0,25.0,,,10000.0,0.0,[],-0.0001,0.0,0.0,0.0003,0.0
-2,10000,AMETHYSTS,9996,1,9995.0,30.0,,,10004,1,10005.0,30.0,,,10000.0,0.0,[],0.0,0.0,0.0,0.0,0.0
-2,10100,AMETHYSTS,10000,5,9995.0,25.0,,,10005,25,,,,,10002.5,0.0,"[('9998.0', '1')]",-0.00034991252186953263,-0.00024993751562109475,-0.00024993751562109475,9.997500624843789e-05,-0.00014996250937265683
-2,10200,AMETHYSTS,9996,1,9995.0,29.0,,,10004,1,10005.0,29.0,,,10000.0,0.0,"[('9996.0', '1')]",0.0,0.0,0.0,0.0003,0.0
-2,10300,AMETHYSTS,9995,23,,,,,10005,23,,,,,10000.0,0.0,[],0.0,0.0,0.00015,0.0,-0.0001
-2,10400,AMETHYSTS,9996,1,9995.0,22.0,,,10002,3,10004.0,1.0,10005.0,22.0,9999.0,0.0,[],0.00010001000100010001,0.00010001000100010001,0.00010001000100010001,0.00010001000100010001,0.00010001000100010001
-2,10500,AMETHYSTS,9995,20,,,,,10005,20,,,,,10000.0,0.0,[],0.0,0.00035,-0.0001,0.0,-0.00015
-2,10600,AMETHYSTS,9996,1,9995.0,29.0,,,10002,8,10004.0,1.0,10005.0,29.0,9999.0,0.0,[],0.00010001000100010001,-5.000500050005001e-05,0.00010001000100010001,-0.00025002500250025,0.0
-2,10700,AMETHYSTS,9995,29,,,,,10005,29,,,,,10000.0,0.0,[],0.0,0.0,0.0,0.0,0.0
-2,10800,AMETHYSTS,9996,2,9995.0,22.0,,,10004,2,10005.0,22.0,,,10000.0,0.0,[],0.0,0.0,-0.00035,0.0,0.0001
-2,10900,AMETHYSTS,9996,1,9995.0,21.0,,,10004,1,10005.0,21.0,,,10000.0,0.0,[],0.0,0.0,-0.00035,-0.0003,0.00015
-2,11000,AMETHYSTS,9995,27,,,,,10005,27,,,,,10000.0,0.0,[],0.00035,0.0,-0.0003,0.0,-0.0003
-2,11100,AMETHYSTS,9995,29,,,,,10005,29,,,,,10000.0,0.0,"[('10005.0', '2')]",-0.00015,0.0,0.0002,0.0,0.0
-2,11200,AMETHYSTS,9996,1,9995.0,20.0,,,10004,1,10005.0,20.0,,,10000.0,0.0,[],0.0,0.0,-0.0001,0.0,0.0
-2,11300,AMETHYSTS,9996,2,9995.0,21.0,,,10004,2,10005.0,21.0,,,10000.0,0.0,[],0.0,0.00015,-0.0001,-0.0001,-0.0003
-2,11400,AMETHYSTS,9995,30,,,,,10005,30,,,,,10000.0,0.0,[],0.0,0.0,0.0001,0.0,0.0003
-2,11500,AMETHYSTS,10002,2,9998.0,4.0,9995.0,24.0,10005,24,,,,,10003.5,0.0,[],-0.000349877542859999,-0.000449842555105713,-0.000199930024491428,-0.000449842555105713,-0.000649772579597141
-2,11600,AMETHYSTS,9995,30,,,,,10002,9,10005.0,30.0,,,9998.5,0.0,[],0.00015002250337550632,0.00015002250337550632,0.0004000600090013502,0.00015002250337550632,0.000450067510126519
-2,11700,AMETHYSTS,9996,1,9995.0,22.0,,,10004,1,10005.0,22.0,,,10000.0,0.0,[],0.0,0.0,0.0,0.0,0.0
-2,11800,AMETHYSTS,9996,2,9995.0,29.0,,,10004,2,10005.0,29.0,,,10000.0,0.0,[],0.00015,-0.00035,0.0,0.0003,0.0003
-2,11900,AMETHYSTS,9996,1,9995.0,22.0,,,10004,1,10005.0,22.0,,,10000.0,0.0,[],0.0,-0.00035,0.0,0.00015,0.0
-2,12000,AMETHYSTS,9996,2,9995.0,28.0,,,10004,2,10005.0,28.0,,,10000.0,0.0,[],-0.0001,-0.0003,0.0,0.00015,-0.00015
-2,12100,AMETHYSTS,9995,21,,,,,10005,21,,,,,10000.0,0.0,[],0.0,0.0002,0.0,0.0,-0.0001
-2,12200,AMETHYSTS,9995,23,,,,,10005,23,,,,,10000.0,0.0,[],0.0,-0.0001,0.0,-0.0001,0.0
-2,12300,AMETHYSTS,9998,6,9995.0,28.0,,,10005,28,,,,,10001.5,0.0,[],-0.0004999250112483127,-0.00024996250562415637,-0.00014997750337449384,-0.00014997750337449384,-0.00014997750337449384
-2,12400,AMETHYSTS,9995,25,,,,,10005,25,,,,,10000.0,0.0,[],-0.00035,0.0001,-0.00015,0.0,0.0
-2,12500,AMETHYSTS,9996,1,9995.0,28.0,,,10002,10,10004.0,1.0,10005.0,28.0,9999.0,0.0,[],-0.00020002000200020003,0.00025002500250025,0.0,0.00010001000100010001,0.00040004000400040005
-2,12600,AMETHYSTS,9996,1,9995.0,26.0,,,10004,1,10005.0,26.0,,,10000.0,0.0,[],0.0002,0.00025,0.0,0.0,-0.0001
-2,12700,AMETHYSTS,9996,1,9995.0,22.0,,,10004,1,10005.0,22.0,,,10000.0,0.0,[],-0.0001,0.0,0.0,-0.00035,0.0
-2,12800,AMETHYSTS,9995,20,,,,,9998,1,10002.0,10.0,10005.0,20.0,9996.5,0.0,[],0.0002500875306357225,0.0003501225428900115,0.0002500875306357225,0.0006502275796528785,0.0001500525183814335
-2,12900,AMETHYSTS,9995,20,,,,,9998,1,10002.0,8.0,10005.0,20.0,9996.5,0.0,[],0.0004501575551443005,0.0003501225428900115,0.0003501225428900115,0.0003501225428900115,0.0002500875306357225
-2,13000,AMETHYSTS,9996,1,9995.0,30.0,,,9998,1,10004.0,1.0,10005.0,30.0,9997.0,0.0,"[('9998.0', '1')]",0.00045013504051215364,0.00030009002700810244,0.00030009002700810244,0.0006001800540162049,0.00015004501350405122
-2,13100,AMETHYSTS,10000,6,9998.0,10.0,9996.0,1.0,10004,1,10005.0,21.0,,,10002.0,0.0,[],4.999000199960008e-05,-0.0001999600079984003,-0.0001999600079984003,-0.0004999000199960008,-0.00034993001399720057
-2,13200,AMETHYSTS,9996,1,9995.0,22.0,,,10002,2,10004.0,1.0,10005.0,22.0,9999.0,0.0,[],0.00010001000100010001,0.00010001000100010001,0.00025002500250025,0.00010001000100010001,0.00020002000200020003
-2,13300,AMETHYSTS,9996,2,9995.0,27.0,,,10002,6,10004.0,2.0,10005.0,27.0,9999.0,0.0,[],0.00010001000100010001,0.00010001000100010001,0.00025002500250025,0.00020002000200020003,0.00010001000100010001
-2,13400,AMETHYSTS,9998,4,9996.0,1.0,9995.0,27.0,10004,1,10005.0,27.0,,,10001.0,0.0,[],-9.999000099990002e-05,-0.00024997500249975,-0.00024997500249975,-9.999000099990002e-05,-0.00019998000199980003
-2,13500,AMETHYSTS,9998,5,9995.0,27.0,,,10005,27,,,,,10001.5,0.0,[],-0.00014997750337449384,-0.00024996250562415637,-0.00024996250562415637,-0.00014997750337449384,-0.00024996250562415637
-2,13600,AMETHYSTS,10000,2,9995.0,24.0,,,10005,24,,,,,10002.5,0.0,"[('9998.0', '1')]",-0.00024993751562109475,-0.00024993751562109475,-9.997500624843789e-05,-0.00034991252186953263,-0.00024993751562109475
-2,13700,AMETHYSTS,9996,1,9995.0,20.0,,,10004,1,10005.0,20.0,,,10000.0,0.0,[],0.0,0.0,0.0,0.0,0.0001
-2,13800,AMETHYSTS,9995,22,,,,,10005,22,,,,,10000.0,0.0,[],0.0,-0.0001,-0.0001,0.0,0.0
-2,13900,AMETHYSTS,9996,1,9995.0,20.0,,,10004,1,10005.0,20.0,,,10000.0,0.0,"[('9996.0', '1'), ('9996.0', '1')]",-0.00015,0.0,0.0003,-0.00035,0.00015
-2,14000,AMETHYSTS,9995,25,,,,,10005,25,,,,,10000.0,0.0,"[('10005.0', '7')]",-0.0001,0.0,0.0001,0.0,0.00015
-2,14100,AMETHYSTS,9996,2,9995.0,25.0,,,10004,2,10005.0,25.0,,,10000.0,0.0,[],0.0,0.0,0.0,-0.0001,0.00035
-2,14200,AMETHYSTS,9996,2,9995.0,23.0,,,10004,2,10005.0,23.0,,,10000.0,0.0,[],0.0,0.00015,0.0001,0.0,0.0001
-2,14300,AMETHYSTS,9996,2,9995.0,23.0,,,10004,2,10005.0,23.0,,,10000.0,0.0,[],-0.0001,0.00015,-0.00015,0.00035,0.0003
-2,14400,AMETHYSTS,9995,20,,,,,10002,10,10005.0,20.0,,,9998.5,0.0,[],0.00015002250337550632,0.0,-5.000750112516878e-05,0.00015002250337550632,0.000450067510126519
-2,14500,AMETHYSTS,9996,1,9995.0,30.0,,,10002,3,10004.0,1.0,10005.0,30.0,9999.0,0.0,[],0.00010001000100010001,0.0,0.0,0.00020002000200020003,0.0
-2,14600,AMETHYSTS,9996,1,9995.0,20.0,,,10004,1,10005.0,20.0,,,10000.0,0.0,[],0.0,0.00015,0.0,0.0,-0.00015
-2,14700,AMETHYSTS,9995,20,,,,,10005,20,,,,,10000.0,0.0,[],0.00015,0.0,0.0,0.0,0.0
-2,14800,AMETHYSTS,9996,2,9995.0,28.0,,,10002,7,10004.0,2.0,10005.0,28.0,9999.0,0.0,[],0.00025002500250025,0.0,0.00010001000100010001,0.00010001000100010001,0.00010001000100010001
-2,14900,AMETHYSTS,9995,29,,,,,10005,29,,,,,10000.0,0.0,[],-0.00015,0.0003,0.0001,-0.0001,0.0
-2,15000,AMETHYSTS,9996,2,9995.0,21.0,,,10004,2,10005.0,21.0,,,10000.0,0.0,[],-0.0001,0.0001,0.0,0.0001,0.00015
-2,15100,AMETHYSTS,9995,29,,,,,10005,29,,,,,10000.0,0.0,"[('10005.0', '4')]",0.00015,0.0,0.0,0.00035,0.0001
-2,15200,AMETHYSTS,9998,4,9995.0,28.0,,,10005,28,,,,,10001.5,0.0,[],-0.00014997750337449384,-4.999250112483127e-05,-0.00014997750337449384,-0.00014997750337449384,-0.0002999550067489877
-2,15300,AMETHYSTS,9998,8,9995.0,26.0,,,10005,26,,,,,10001.5,0.0,[],-0.00024996250562415637,-0.0002999550067489877,-0.00014997750337449384,-0.00014997750337449384,-0.00014997750337449384
-2,15400,AMETHYSTS,9995,22,,,,,10002,3,10005.0,22.0,,,9998.5,0.0,"[('10002.0', '5')]",0.000450067510126519,-5.000750112516878e-05,0.00030004500675101265,0.00015002250337550632,0.0
-2,15500,AMETHYSTS,9996,1,9995.0,24.0,,,10002,9,10004.0,1.0,10005.0,24.0,9999.0,0.0,[],0.00020002000200020003,0.0,0.00010001000100010001,0.0,0.00010001000100010001
-2,15600,AMETHYSTS,9998,8,9995.0,25.0,,,10005,25,,,,,10001.5,0.0,[],-0.00014997750337449384,-0.00014997750337449384,-0.00014997750337449384,-0.00014997750337449384,0.0001999700044993251
-2,15700,AMETHYSTS,9996,2,9995.0,29.0,,,10004,2,10005.0,29.0,,,10000.0,0.0,[],0.0001,0.0,0.0,0.0003,0.0
-2,15800,AMETHYSTS,9996,1,9995.0,20.0,,,10002,2,10004.0,1.0,10005.0,20.0,9999.0,0.0,[],-5.000500050005001e-05,0.00010001000100010001,0.00010001000100010001,0.00030003000300030005,0.00010001000100010001
-2,15900,AMETHYSTS,10002,1,9996.0,1.0,9995.0,25.0,10004,1,10005.0,25.0,,,10003.0,0.0,[],-0.000499850044986504,-0.00019994001799460162,-0.00029991002699190244,-0.00039988003598920324,-0.00039988003598920324
-2,16000,AMETHYSTS,9998,4,9996.0,1.0,9995.0,21.0,10004,1,10005.0,21.0,,,10001.0,0.0,[],-0.00019998000199980003,-9.999000099990002e-05,9.999000099990002e-05,-9.999000099990002e-05,-9.999000099990002e-05
-2,16100,AMETHYSTS,9996,2,9995.0,25.0,,,10004,2,10005.0,25.0,,,10000.0,0.0,[],0.0,0.0,0.0,0.0,0.0
-2,16200,AMETHYSTS,10000,4,9996.0,1.0,9995.0,29.0,10002,10,10004.0,1.0,10005.0,29.0,10001.0,0.0,[],-9.999000099990002e-05,-9.999000099990002e-05,0.0,0.00024997500249975,0.0
-2,16300,AMETHYSTS,9995,30,,,,,10002,9,10005.0,30.0,,,9998.5,0.0,[],0.00015002250337550632,0.00015002250337550632,0.00030004500675101265,0.00030004500675101265,0.00015002250337550632
-2,16400,AMETHYSTS,9996,2,9995.0,27.0,,,10000,6,10004.0,2.0,10005.0,27.0,9998.0,0.0,[],0.0003000600120024005,0.00035007001400280056,0.00010002000400080016,0.00020004000800160032,0.00010002000400080016
-2,16500,AMETHYSTS,9996,1,9995.0,26.0,,,10002,9,10004.0,1.0,10005.0,26.0,9999.0,0.0,[],0.00010001000100010001,0.00010001000100010001,0.00010001000100010001,0.00020002000200020003,0.00010001000100010001
-2,16600,AMETHYSTS,9995,23,,,,,10005,23,,,,,10000.0,0.0,[],0.0,0.0,-0.0001,0.0,0.0
-2,16700,AMETHYSTS,9995,24,,,,,10005,24,,,,,10000.0,0.0,[],0.0,0.0,0.0001,0.0002,0.0
-2,16800,AMETHYSTS,9995,21,,,,,10005,21,,,,,10000.0,0.0,[],0.0,0.0,-0.0001,0.0,0.0002
-2,16900,AMETHYSTS,9998,3,9996.0,1.0,9995.0,25.0,10004,1,10005.0,25.0,,,10001.0,0.0,[],4.999500049995001e-05,-9.999000099990002e-05,0.0,-9.999000099990002e-05,-9.999000099990002e-05
-2,17000,AMETHYSTS,9996,2,9995.0,27.0,,,10004,2,10005.0,27.0,,,10000.0,0.0,[],0.0,0.0002,-0.0001,0.00035,0.0001
-2,17100,AMETHYSTS,9995,25,,,,,10005,25,,,,,10000.0,0.0,[],0.0,0.0,-0.0001,0.0,0.0
-2,17200,AMETHYSTS,9995,30,,,,,10005,30,,,,,10000.0,0.0,[],0.0,0.0001,0.0,0.0,0.0
-2,17300,AMETHYSTS,9996,1,9995.0,24.0,,,10004,1,10005.0,24.0,,,10000.0,0.0,"[('10002.0', '1')]",0.0,0.00015,0.0003,0.00015,0.0
-2,17400,AMETHYSTS,9998,6,9995.0,26.0,,,10005,26,,,,,10001.5,0.0,[],-0.00014997750337449384,-0.00024996250562415637,0.00014997750337449384,-0.00024996250562415637,0.0001999700044993251
-2,17500,AMETHYSTS,9996,1,9995.0,21.0,,,10004,1,10005.0,21.0,,,10000.0,0.0,[],0.0002,0.0,0.0003,0.0003,0.0001
-2,17600,AMETHYSTS,9996,2,9995.0,29.0,,,10004,2,10005.0,29.0,,,10000.0,0.0,[],0.0,-0.0001,0.0003,0.0,-0.0003
-2,17700,AMETHYSTS,9996,2,9995.0,26.0,,,10004,2,10005.0,26.0,,,10000.0,0.0,[],0.0001,0.0001,0.0,-0.00035,0.0
-2,17800,AMETHYSTS,9996,1,9995.0,29.0,,,10004,1,10005.0,29.0,,,10000.0,0.0,[],0.00015,-0.0001,0.0,0.0,0.0001
-2,17900,AMETHYSTS,9996,2,9995.0,20.0,,,10004,2,10005.0,20.0,,,10000.0,0.0,[],-0.0001,0.0001,0.0003,0.0003,0.0
-2,18000,AMETHYSTS,10000,3,9996.0,1.0,9995.0,29.0,10004,1,10005.0,29.0,,,10002.0,0.0,[],-0.0001999600079984003,-0.00029994001199760045,-0.0001999600079984003,-0.0001999600079984003,-4.999000199960008e-05
-2,18100,AMETHYSTS,9996,1,9995.0,26.0,,,10004,1,10005.0,26.0,,,10000.0,0.0,[],-0.0001,-0.0001,0.00035,-0.0001,0.0
-2,18200,AMETHYSTS,9998,2,9996.0,1.0,9995.0,28.0,10004,1,10005.0,28.0,,,10001.0,0.0,"[('9998.0', '1')]",0.0,-9.999000099990002e-05,0.00019998000199980003,-9.999000099990002e-05,-9.999000099990002e-05
-2,18300,AMETHYSTS,9998,8,9995.0,27.0,,,10005,27,,,,,10001.5,0.0,"[('10005.0', '2'), ('9998.0', '1')]",-0.00024996250562415637,0.00014997750337449384,-0.00014997750337449384,-0.0004999250112483127,0.00014997750337449384
-2,18400,AMETHYSTS,9996,1,9995.0,20.0,,,10002,6,10004.0,1.0,10005.0,20.0,9999.0,0.0,[],0.00020002000200020003,0.00040004000400040005,0.00010001000100010001,0.00010001000100010001,0.00010001000100010001
-2,18500,AMETHYSTS,9995,26,,,,,10005,26,,,,,10000.0,0.0,"[('10005.0', '5')]",-0.0001,0.0003,0.0,0.0,0.00035
-2,18600,AMETHYSTS,9996,1,9995.0,30.0,,,10002,10,10004.0,1.0,10005.0,30.0,9999.0,0.0,[],0.0,0.00040004000400040005,-0.00025002500250025,-0.00020002000200020003,0.00010001000100010001
-2,18700,AMETHYSTS,10000,3,9996.0,2.0,9995.0,30.0,10002,8,10004.0,2.0,10005.0,30.0,10001.0,0.0,[],-9.999000099990002e-05,-9.999000099990002e-05,-9.999000099990002e-05,0.0,9.999000099990002e-05
-2,18800,AMETHYSTS,9996,2,9995.0,24.0,,,10002,6,10004.0,2.0,10005.0,24.0,9999.0,0.0,[],0.00040004000400040005,0.00010001000100010001,0.00010001000100010001,0.00010001000100010001,0.00030003000300030005
-2,18900,AMETHYSTS,9998,6,9996.0,2.0,9995.0,23.0,10004,2,10005.0,23.0,,,10001.0,0.0,[],0.00019998000199980003,0.00019998000199980003,-0.00039996000399960006,4.999500049995001e-05,-0.00024997500249975
-2,19000,AMETHYSTS,9996,1,9995.0,23.0,,,10002,9,10004.0,1.0,10005.0,23.0,9999.0,0.0,[],0.00040004000400040005,0.00010001000100010001,0.00010001000100010001,0.00010001000100010001,0.00010001000100010001
-2,19100,AMETHYSTS,9996,1,9995.0,23.0,,,10002,8,10004.0,1.0,10005.0,23.0,9999.0,0.0,[],0.00040004000400040005,0.00045004500450045,0.00010001000100010001,0.0,-5.000500050005001e-05
-2,19200,AMETHYSTS,9995,24,,,,,10005,24,,,,,10000.0,0.0,[],0.0,0.0003,0.0,-0.00015,0.0
-2,19300,AMETHYSTS,10002,2,9998.0,4.0,9996.0,2.0,10004,2,10005.0,29.0,,,10003.0,0.0,[],-0.00029991002699190244,-0.00029991002699190244,-0.00039988003598920324,4.9985004498650404e-05,-0.00029991002699190244
-2,19400,AMETHYSTS,10002,1,9998.0,2.0,9996.0,1.0,10004,1,10005.0,22.0,,,10003.0,0.0,[],0.0,-0.00029991002699190244,-0.00029991002699190244,-0.00029991002699190244,-0.00029991002699190244
-2,19500,AMETHYSTS,10002,1,9998.0,5.0,9996.0,2.0,10004,2,10005.0,29.0,,,10003.0,0.0,"[('10002.0', '1')]",-0.00029991002699190244,-0.00029991002699190244,-0.00039988003598920324,-0.0005998200539838049,-0.00029991002699190244
-2,19600,AMETHYSTS,10002,1,9996.0,1.0,9995.0,21.0,10004,1,10005.0,21.0,,,10003.0,0.0,"[('10002.0', '1')]",4.9985004498650404e-05,-0.0006498050584824553,-0.00029991002699190244,-0.00029991002699190244,-0.00029991002699190244
-2,19700,AMETHYSTS,9996,1,9995.0,25.0,,,10004,1,10005.0,25.0,,,10000.0,0.0,[],0.0003,0.0,0.0,0.0,0.0
-2,19800,AMETHYSTS,9995,23,,,,,10005,23,,,,,10000.0,0.0,[],0.0,0.0,0.0003,0.0,-0.00035
-2,19900,AMETHYSTS,10002,1,9996.0,2.0,9995.0,24.0,10004,2,10005.0,24.0,,,10003.0,0.0,"[('10002.0', '1')]",-0.00029991002699190244,-0.0005998200539838049,-0.00014995501349595122,-0.00029991002699190244,-0.00029991002699190244
-2,20000,AMETHYSTS,9995,28,,,,,10005,28,,,,,10000.0,0.0,[],0.0,0.0,0.00015,0.0,0.0
-2,20100,AMETHYSTS,10002,1,9995.0,30.0,,,10005,30,,,,,10003.5,0.0,[],-0.000699755085719998,-0.000349877542859999,-0.000349877542859999,-0.000249912530614285,-0.000349877542859999
-2,20200,AMETHYSTS,10002,1,9996.0,1.0,9995.0,27.0,10004,1,10005.0,27.0,,,10003.0,0.0,"[('10002.0', '1')]",-0.00029991002699190244,-0.00029991002699190244,-0.00039988003598920324,-0.00029991002699190244,-0.00029991002699190244
-2,20300,AMETHYSTS,9996,1,9995.0,24.0,,,10004,1,10005.0,24.0,,,10000.0,0.0,[],0.0,-0.0001,0.0,-0.0001,0.00015
-2,20400,AMETHYSTS,9995,25,,,,,10005,25,,,,,10000.0,0.0,[],-0.0003,0.0,0.0,0.0,0.0
-2,20500,AMETHYSTS,9996,1,9995.0,24.0,,,10004,1,10005.0,24.0,,,10000.0,0.0,[],0.0,-0.0001,0.0,-0.00015,0.0
-2,20600,AMETHYSTS,9995,21,,,,,9998,1,10005.0,21.0,,,9996.5,0.0,"[('9998.0', '1'), ('9995.0', '9')]",0.0003501225428900115,0.0003501225428900115,0.0003501225428900115,0.0002500875306357225,0.0003501225428900115
-2,20700,AMETHYSTS,9996,1,9995.0,22.0,,,10004,1,10005.0,22.0,,,10000.0,0.0,[],0.0,0.0,-0.00035,0.0,0.0
-2,20800,AMETHYSTS,9996,2,9995.0,21.0,,,10004,2,10005.0,21.0,,,10000.0,0.0,[],-0.0001,0.0003,0.0003,0.0001,0.0
-2,20900,AMETHYSTS,9996,2,9995.0,28.0,,,9998,1,10004.0,2.0,10005.0,28.0,9997.0,0.0,"[('9998.0', '1')]",0.00030009002700810244,0.00045013504051215364,0.00030009002700810244,0.00045013504051215364,0.00030009002700810244
-2,21000,AMETHYSTS,9996,1,9995.0,28.0,,,10004,1,10005.0,28.0,,,10000.0,0.0,[],-0.0001,0.00015,0.0003,-0.0003,0.0
-2,21100,AMETHYSTS,9996,1,9995.0,22.0,,,10004,1,10005.0,22.0,,,10000.0,0.0,[],0.0,0.0,-0.0003,0.0,0.0
-2,21200,AMETHYSTS,9996,1,9995.0,27.0,,,10004,1,10005.0,27.0,,,10000.0,0.0,[],0.0,-0.0001,0.0,0.0,0.00025
-2,21300,AMETHYSTS,9996,2,9995.0,27.0,,,10002,5,10004.0,2.0,10005.0,27.0,9999.0,0.0,"[('10002.0', '1')]",0.00040004000400040005,0.00010001000100010001,0.00020002000200020003,-0.00020002000200020003,0.00010001000100010001
-2,21400,AMETHYSTS,9996,2,9995.0,21.0,,,10004,2,10005.0,21.0,,,10000.0,0.0,[],0.00015,0.0,0.0,0.0003,0.0
-2,21500,AMETHYSTS,9996,1,9995.0,25.0,,,10002,5,10004.0,1.0,10005.0,25.0,9999.0,0.0,[],0.00025002500250025,0.00010001000100010001,0.00010001000100010001,-0.00020002000200020003,-0.00010001000100010001
-2,21600,AMETHYSTS,9995,23,,,,,10005,23,,,,,10000.0,0.0,[],0.0,0.0,-0.0001,0.0003,0.0
-2,21700,AMETHYSTS,9995,22,,,,,10005,22,,,,,10000.0,0.0,[],-0.0001,-0.00035,0.0,0.0,0.0003
-2,21800,AMETHYSTS,10002,1,9996.0,2.0,9995.0,25.0,10004,2,10005.0,25.0,,,10003.0,0.0,[],-0.00029991002699190244,0.0,-0.00029991002699190244,0.0,-0.00019994001799460162
-2,21900,AMETHYSTS,9998,3,9995.0,21.0,,,10005,21,,,,,10001.5,0.0,[],-0.00014997750337449384,-0.00014997750337449384,-0.0004999250112483127,-0.00014997750337449384,-0.0003999400089986502
-2,22000,AMETHYSTS,9998,1,9995.0,24.0,,,10005,24,,,,,10001.5,0.0,[],-0.00014997750337449384,0.00014997750337449384,-0.00014997750337449384,-0.0002999550067489877,-0.00014997750337449384
-2,22100,AMETHYSTS,9996,1,9995.0,25.0,,,10004,1,10005.0,25.0,,,10000.0,0.0,[],0.0,-0.0003,-0.0001,-0.0001,-0.0001
-2,22200,AMETHYSTS,9996,2,9995.0,25.0,,,10002,1,10004.0,2.0,10005.0,25.0,9999.0,0.0,[],-0.00025002500250025,0.00010001000100010001,0.00010001000100010001,0.00010001000100010001,0.00020002000200020003
-2,22300,AMETHYSTS,9995,27,,,,,10005,27,,,,,10000.0,0.0,[],0.0003,0.0001,0.00035,0.0,-0.00015
-2,22400,AMETHYSTS,9996,1,9995.0,28.0,,,10004,1,10005.0,28.0,,,10000.0,0.0,[],0.0,0.0,0.0,0.0,0.0
-2,22500,AMETHYSTS,9996,1,9995.0,29.0,,,10004,1,10005.0,29.0,,,10000.0,0.0,[],0.0003,0.0,0.0001,0.0003,-0.0001
-2,22600,AMETHYSTS,9995,22,,,,,10005,22,,,,,10000.0,0.0,[],-0.0003,-0.0001,0.0,-0.0001,-0.00015
-2,22700,AMETHYSTS,9995,27,,,,,9998,1,10005.0,27.0,,,9996.5,0.0,"[('9998.0', '1')]",0.0003501225428900115,0.0003501225428900115,0.0003501225428900115,0.0003501225428900115,0.0003501225428900115
-2,22800,AMETHYSTS,10002,1,9996.0,2.0,9995.0,20.0,10004,2,10005.0,20.0,,,10003.0,0.0,[],-0.00019994001799460162,-0.00029991002699190244,-0.00029991002699190244,-0.000499850044986504,-0.0005998200539838049
-2,22900,AMETHYSTS,9996,1,9995.0,21.0,,,10004,1,10005.0,21.0,,,10000.0,0.0,[],0.0,-0.00035,-0.0001,-0.0001,-0.0001
-2,23000,AMETHYSTS,10002,4,9996.0,2.0,9995.0,24.0,10004,2,10005.0,24.0,,,10003.0,0.0,"[('9998.0', '4')]",-0.00029991002699190244,-0.00029991002699190244,-0.00019994001799460162,-0.00044986504048785366,-0.00029991002699190244
-2,23100,AMETHYSTS,9996,1,9995.0,21.0,,,9998,1,10004.0,1.0,10005.0,21.0,9997.0,0.0,[],0.00020006001800540162,0.00020006001800540162,0.0006501950585175553,0.00015004501350405122,0.00030009002700810244
-2,23200,AMETHYSTS,9996,1,9995.0,28.0,,,10004,1,10005.0,28.0,,,10000.0,0.0,[],0.0,0.0,0.0,0.0001,0.0
-2,23300,AMETHYSTS,10000,2,9996.0,2.0,9995.0,20.0,10002,4,10004.0,2.0,10005.0,20.0,10001.0,0.0,"[('9998.0', '2')]",-9.999000099990002e-05,0.00024997500249975,-9.999000099990002e-05,-9.999000099990002e-05,-9.999000099990002e-05
-2,23400,AMETHYSTS,9995,21,,,,,10005,21,,,,,10000.0,0.0,[],-0.00035,0.0,0.0,-0.0001,0.00035
-2,23500,AMETHYSTS,9995,22,,,,,10005,22,,,,,10000.0,0.0,[],0.0,0.0001,-0.0001,-0.0001,0.0
-2,23600,AMETHYSTS,9996,1,9995.0,22.0,,,10002,3,10004.0,1.0,10005.0,22.0,9999.0,0.0,[],0.0,0.00010001000100010001,0.00010001000100010001,0.00010001000100010001,0.0
-2,23700,AMETHYSTS,9996,1,9995.0,26.0,,,10004,1,10005.0,26.0,,,10000.0,0.0,[],0.0,0.0,0.0003,0.0001,0.0001
-2,23800,AMETHYSTS,9996,2,9995.0,27.0,,,10004,2,10005.0,27.0,,,10000.0,0.0,[],0.00035,0.0,0.0002,0.0,0.0003
-2,23900,AMETHYSTS,9995,23,,,,,9998,3,10005.0,23.0,,,9996.5,0.0,"[('9998.0', '3'), ('9995.0', '8')]",0.0003501225428900115,0.0002500875306357225,0.0002500875306357225,0.000500175061271445,0.0004501575551443005
-2,24000,AMETHYSTS,9996,2,9995.0,24.0,,,10004,2,10005.0,24.0,,,10000.0,0.0,[],0.0001,0.0001,0.0,0.00015,-0.0003
-2,24100,AMETHYSTS,9996,2,9995.0,29.0,,,10002,7,10004.0,2.0,10005.0,29.0,9999.0,0.0,[],0.00010001000100010001,0.00045004500450045,0.00010001000100010001,0.00045004500450045,0.00010001000100010001
-2,24200,AMETHYSTS,9996,2,9995.0,30.0,,,10004,2,10005.0,30.0,,,10000.0,0.0,[],0.0,0.0,0.00035,0.0001,0.0
-2,24300,AMETHYSTS,10002,1,9995.0,29.0,,,10005,29,,,,,10003.5,0.0,"[('10002.0', '1')]",-0.000349877542859999,-0.000349877542859999,-0.000199930024491428,-4.9982506122857e-05,-0.000249912530614285
-2,24400,AMETHYSTS,9996,1,9995.0,28.0,,,10004,1,10005.0,28.0,,,10000.0,0.0,[],-0.0001,0.0,0.0,0.0003,0.0001
-2,24500,AMETHYSTS,9998,8,9996.0,2.0,9995.0,20.0,10004,2,10005.0,20.0,,,10001.0,0.0,[],0.0,-0.00019998000199980003,0.0,-0.00019998000199980003,-9.999000099990002e-05
-2,24600,AMETHYSTS,9996,2,9995.0,28.0,,,10004,2,10005.0,28.0,,,10000.0,0.0,"[('9996.0', '2'), ('9996.0', '2')]",0.00035,0.0,0.0,-0.00015,0.0
-2,24700,AMETHYSTS,9995,27,,,,,10005,27,,,,,10000.0,0.0,[],0.0,0.0003,0.0002,0.0,0.0001
-2,24800,AMETHYSTS,9996,2,9995.0,21.0,,,10004,2,10005.0,21.0,,,10000.0,0.0,[],0.0,0.0002,0.0,0.0,0.0
-2,24900,AMETHYSTS,9996,2,9995.0,26.0,,,10002,9,10004.0,2.0,10005.0,26.0,9999.0,0.0,[],0.00010001000100010001,0.0,0.00010001000100010001,0.00010001000100010001,0.00010001000100010001
-2,25000,AMETHYSTS,9998,8,9996.0,2.0,9995.0,22.0,10004,2,10005.0,22.0,,,10001.0,0.0,[],-0.00019998000199980003,-9.999000099990002e-05,0.00024997500249975,4.999500049995001e-05,0.00019998000199980003
-2,25100,AMETHYSTS,10002,1,9995.0,24.0,,,10005,24,,,,,10003.5,0.0,"[('10002.0', '1')]",-0.000349877542859999,-0.000349877542859999,-0.000349877542859999,-0.000249912530614285,-0.000349877542859999
-2,25200,AMETHYSTS,9996,1,9995.0,25.0,,,10004,1,10005.0,25.0,,,10000.0,0.0,[],0.0003,0.00035,0.0,-0.00015,0.0
-2,25300,AMETHYSTS,9995,23,,,,,10005,23,,,,,10000.0,0.0,[],0.0002,0.00015,0.00015,0.0,0.0
-2,25400,AMETHYSTS,9995,22,,,,,10005,22,,,,,10000.0,0.0,[],-0.0001,0.0,-0.0001,-0.00015,0.0
-2,25500,AMETHYSTS,9996,2,9995.0,29.0,,,10002,1,10004.0,2.0,10005.0,29.0,9999.0,0.0,[],0.00010001000100010001,0.00020002000200020003,0.00040004000400040005,0.00010001000100010001,0.00010001000100010001
-2,25600,AMETHYSTS,9996,2,9995.0,29.0,,,10004,2,10005.0,29.0,,,10000.0,0.0,"[('10004.0', '2')]",0.0,0.0,0.0,0.00035,-0.00035
-2,25700,AMETHYSTS,10002,3,9996.0,2.0,9995.0,28.0,10004,2,10005.0,28.0,,,10003.0,0.0,"[('10002.0', '3'), ('10002.0', '8')]",4.9985004498650404e-05,-9.997000899730081e-05,-0.0006498050584824553,-0.00029991002699190244,-0.00029991002699190244
-2,25800,AMETHYSTS,10000,3,9996.0,1.0,9995.0,23.0,10004,1,10005.0,23.0,,,10002.0,0.0,[],-4.999000199960008e-05,-0.0001999600079984003,-0.0001999600079984003,-0.0001999600079984003,-0.0001999600079984003
-2,25900,AMETHYSTS,9996,1,9995.0,24.0,,,10002,6,10004.0,1.0,10005.0,24.0,9999.0,0.0,[],0.00010001000100010001,0.00010001000100010001,0.00040004000400040005,0.0,0.0
-2,26000,AMETHYSTS,9996,2,9995.0,24.0,,,10004,2,10005.0,24.0,,,10000.0,0.0,[],0.0001,0.00035,0.0,0.0,0.0
-2,26100,AMETHYSTS,9996,2,9995.0,21.0,,,10004,2,10005.0,21.0,,,10000.0,0.0,[],0.0,0.0,-0.0001,0.0,0.0
-2,26200,AMETHYSTS,10002,1,9995.0,30.0,,,10005,30,,,,,10003.5,0.0,[],-0.000149947518368571,-0.000349877542859999,-0.000349877542859999,-0.000249912530614285,-9.9965012245714e-05
-2,26300,AMETHYSTS,9998,3,9995.0,28.0,,,10005,28,,,,,10001.5,0.0,[],-0.00014997750337449384,0.0,-0.0004999250112483127,-0.00014997750337449384,-0.0002999550067489877
-2,26400,AMETHYSTS,9995,24,,,,,10005,24,,,,,10000.0,0.0,"[('10005.0', '9')]",0.0,-0.0001,0.0,-0.0001,0.0
-2,26500,AMETHYSTS,9998,1,9996.0,1.0,9995.0,25.0,10004,1,10005.0,25.0,,,10001.0,0.0,[],0.00024997500249975,0.00019998000199980003,-9.999000099990002e-05,-9.999000099990002e-05,-9.999000099990002e-05
-2,26600,AMETHYSTS,9996,1,9995.0,22.0,,,10004,1,10005.0,22.0,,,10000.0,0.0,[],0.0,0.0,-0.0003,0.0,0.0
-2,26700,AMETHYSTS,10000,2,9996.0,1.0,9995.0,22.0,10004,1,10005.0,22.0,,,10002.0,0.0,[],-0.0001999600079984003,-0.0005498900219956009,-9.998000399920016e-05,-0.0001999600079984003,-4.999000199960008e-05
-2,26800,AMETHYSTS,9995,22,,,,,10005,22,,,,,10000.0,0.0,[],0.00015,0.0,0.0,0.0002,-0.0002
-2,26900,AMETHYSTS,9995,26,,,,,10005,26,,,,,10000.0,0.0,[],-0.0001,0.0003,0.00015,0.0,0.0
-2,27000,AMETHYSTS,10002,1,9995.0,21.0,,,10005,21,,,,,10003.5,0.0,"[('10002.0', '1')]",-4.9982506122857e-05,-0.000349877542859999,-0.000349877542859999,-0.000249912530614285,-0.000349877542859999
-2,27100,AMETHYSTS,9995,30,,,,,10005,30,,,,,10000.0,0.0,[],0.0,-0.0001,-0.0001,0.0,-0.0001
-2,27200,AMETHYSTS,9995,28,,,,,10005,28,,,,,10000.0,0.0,[],-0.00035,0.0,-0.00015,0.0,0.0001
-2,27300,AMETHYSTS,9998,9,9995.0,30.0,,,10005,30,,,,,10001.5,0.0,[],-0.00014997750337449384,-0.0004999250112483127,0.0001999700044993251,-0.00014997750337449384,-0.00014997750337449384
-2,27400,AMETHYSTS,9998,1,9995.0,23.0,,,10000,6,10005.0,23.0,,,9999.0,0.0,[],0.00040004000400040005,0.00010001000100010001,0.00010001000100010001,0.00045004500450045,0.0
-2,27500,AMETHYSTS,10002,1,9996.0,2.0,9995.0,26.0,10004,2,10005.0,26.0,,,10003.0,0.0,[],-0.00029991002699190244,-0.00029991002699190244,-0.0005998200539838049,-0.00019994001799460162,-0.00029991002699190244
-2,27600,AMETHYSTS,9996,1,9995.0,29.0,,,10004,1,10005.0,29.0,,,10000.0,0.0,[],-0.0001,-0.0003,0.0,-0.0003,0.0
-2,27700,AMETHYSTS,9995,27,,,,,9998,1,10005.0,27.0,,,9996.5,0.0,"[('9998.0', '3'), ('9998.0', '1')]",0.0003501225428900115,0.0004501575551443005,0.0003501225428900115,0.0003501225428900115,0.0002500875306357225
-2,27800,AMETHYSTS,9996,1,9995.0,23.0,,,10004,1,10005.0,23.0,,,10000.0,0.0,[],-0.00035,0.0,0.0,0.0001,0.0
-2,27900,AMETHYSTS,10002,4,9998.0,6.0,9996.0,1.0,10004,1,10005.0,22.0,,,10003.0,0.0,"[('10002.0', '4')]",-0.00029991002699190244,-0.00014995501349595122,-0.00029991002699190244,-0.00029991002699190244,-0.00029991002699190244
-2,28000,AMETHYSTS,9995,29,,,,,10005,29,,,,,10000.0,0.0,"[('10005.0', '1')]",0.0,0.0,0.0,0.00015,-0.00035
-2,28100,AMETHYSTS,9998,3,9995.0,24.0,,,10000,5,10005.0,24.0,,,9999.0,0.0,[],-0.00020002000200020003,0.0,0.00020002000200020003,0.00010001000100010001,0.00010001000100010001
-2,28200,AMETHYSTS,9996,2,9995.0,23.0,,,10004,2,10005.0,23.0,,,10000.0,0.0,[],0.0001,-0.00015,0.0,0.0,0.0001
-2,28300,AMETHYSTS,9995,27,,,,,9998,3,10002.0,6.0,10005.0,27.0,9996.5,0.0,"[('9998.0', '2'), ('9998.0', '1')]",0.0003501225428900115,0.000700245085780023,0.0002500875306357225,0.0006502275796528785,0.0003501225428900115
-2,28400,AMETHYSTS,9996,2,9995.0,23.0,,,10004,2,10005.0,23.0,,,10000.0,0.0,[],0.00015,0.0,0.0,0.0,0.0
-2,28500,AMETHYSTS,9996,2,9995.0,25.0,,,10004,2,10005.0,25.0,,,10000.0,0.0,[],0.0,-0.0003,-0.00015,0.00035,0.0
-2,28600,AMETHYSTS,9996,2,9995.0,24.0,,,9998,1,10002.0,2.0,10004.0,2.0,9997.0,0.0,"[('9998.0', '1')]",0.00020006001800540162,0.00030009002700810244,0.00020006001800540162,0.00030009002700810244,0.00040012003601080324
-2,28700,AMETHYSTS,9998,6,9996.0,2.0,9995.0,30.0,10004,2,10005.0,30.0,,,10001.0,0.0,[],-0.00024997500249975,-9.999000099990002e-05,-9.999000099990002e-05,9.999000099990002e-05,-9.999000099990002e-05
-2,28800,AMETHYSTS,9996,2,9995.0,27.0,,,10004,2,10005.0,27.0,,,10000.0,0.0,[],0.00035,0.0,0.0001,0.0002,0.0001
-2,28900,AMETHYSTS,9998,8,9995.0,22.0,,,10005,22,,,,,10001.5,0.0,[],-0.00014997750337449384,-0.00014997750337449384,0.0,-0.0002999550067489877,-0.00014997750337449384
-2,29000,AMETHYSTS,9996,2,9995.0,24.0,,,10004,2,10005.0,24.0,,,10000.0,0.0,[],-0.0003,0.0,-0.0003,0.0,0.0
-2,29100,AMETHYSTS,9996,1,9995.0,21.0,,,10002,3,10004.0,1.0,10005.0,21.0,9999.0,0.0,[],0.00010001000100010001,0.00020002000200020003,0.00010001000100010001,-5.000500050005001e-05,-0.00020002000200020003
-2,29200,AMETHYSTS,9995,30,,,,,10002,5,10005.0,30.0,,,9998.5,0.0,[],0.00015002250337550632,0.00015002250337550632,0.00015002250337550632,0.00015002250337550632,0.00030004500675101265
-2,29300,AMETHYSTS,10002,1,9995.0,23.0,,,10005,23,,,,,10003.5,0.0,[],-0.000349877542859999,-0.000449842555105713,-0.000649772579597141,-0.000349877542859999,-0.000199930024491428
-2,29400,AMETHYSTS,9995,25,,,,,10005,25,,,,,10000.0,0.0,"[('10005.0', '2')]",0.0,0.0,0.0003,0.0,0.00035
-2,29500,AMETHYSTS,9996,2,9995.0,29.0,,,9998,2,10004.0,2.0,10005.0,29.0,9997.0,0.0,"[('9998.0', '3'), ('9998.0', '2')]",0.00030009002700810244,0.00015004501350405122,0.0,0.00030009002700810244,0.00030009002700810244
-2,29600,AMETHYSTS,9996,2,9995.0,22.0,,,10004,2,10005.0,22.0,,,10000.0,0.0,[],0.0001,-0.0001,0.0003,0.0,-0.0001
-2,29700,AMETHYSTS,9996,1,9995.0,29.0,,,10004,1,10005.0,29.0,,,10000.0,0.0,[],0.0,0.0,0.0,0.0,0.0
-2,29800,AMETHYSTS,9996,2,9995.0,20.0,,,10004,2,10005.0,20.0,,,10000.0,0.0,[],-0.0001,0.0001,0.0003,-0.00035,0.0
-2,29900,AMETHYSTS,9996,2,9995.0,27.0,,,10004,2,10005.0,27.0,,,10000.0,0.0,[],0.0,0.00015,0.0,0.0,0.0
-2,30000,AMETHYSTS,9996,1,9995.0,27.0,,,10004,1,10005.0,27.0,,,10000.0,0.0,[],-0.00015,-0.0003,-0.00015,0.0,0.0
-2,30100,AMETHYSTS,10000,6,9995.0,21.0,,,10002,5,10005.0,21.0,,,10001.0,0.0,[],-0.00019998000199980003,-9.999000099990002e-05,-0.00019998000199980003,-9.999000099990002e-05,-9.999000099990002e-05
-2,30200,AMETHYSTS,9996,1,9995.0,27.0,,,10004,1,10005.0,27.0,,,10000.0,0.0,[],0.0,0.0,0.0,0.0,0.0
-2,30300,AMETHYSTS,9996,2,9995.0,28.0,,,10002,7,10004.0,2.0,10005.0,28.0,9999.0,0.0,[],0.00020002000200020003,-0.00020002000200020003,0.00010001000100010001,0.00025002500250025,0.00030003000300030005
-2,30400,AMETHYSTS,9996,1,9995.0,29.0,,,10004,1,10005.0,29.0,,,10000.0,0.0,"[('10004.0', '1'), ('10004.0', '6')]",0.00015,0.0003,0.0,0.0,0.0
-2,30500,AMETHYSTS,9995,20,,,,,10002,8,10005.0,20.0,,,9998.5,0.0,[],-0.00015002250337550632,-0.00015002250337550632,0.000450067510126519,0.00015002250337550632,0.00025003750562584387
-2,30600,AMETHYSTS,9996,1,9995.0,29.0,,,10002,2,10004.0,1.0,10005.0,29.0,9999.0,0.0,[],0.00010001000100010001,0.00040004000400040005,0.0,0.00010001000100010001,0.00010001000100010001
-2,30700,AMETHYSTS,9996,1,9995.0,24.0,,,10004,1,10005.0,24.0,,,10000.0,0.0,[],0.0,0.0,0.0,0.0,0.0
-2,30800,AMETHYSTS,9998,2,9996.0,1.0,9995.0,29.0,10004,1,10005.0,29.0,,,10001.0,0.0,[],-0.00039996000399960006,0.00019998000199980003,-0.00029997000299970003,-9.999000099990002e-05,4.999500049995001e-05
-2,30900,AMETHYSTS,9998,9,9995.0,29.0,,,10005,29,,,,,10001.5,0.0,[],0.00014997750337449384,-0.00014997750337449384,-0.00024996250562415637,-0.00014997750337449384,-0.00024996250562415637
-2,31000,AMETHYSTS,9996,2,9995.0,28.0,,,9998,1,10004.0,2.0,10005.0,28.0,9997.0,0.0,"[('9996.0', '1')]",0.0,0.00015004501350405122,0.00015004501350405122,0.00030009002700810244,0.0
-2,31100,AMETHYSTS,9995,25,,,,,10005,25,,,,,10000.0,0.0,[],0.0003,-0.0001,-0.00015,0.0,-0.0003
-2,31200,AMETHYSTS,9996,2,9995.0,24.0,,,10004,2,10005.0,24.0,,,10000.0,0.0,[],0.0,0.0,0.0001,0.00025,0.0001
-2,31300,AMETHYSTS,9996,1,9995.0,22.0,,,9998,1,10002.0,10.0,10004.0,1.0,9997.0,0.0,"[('9998.0', '1')]",0.0006001800540162049,0.00030009002700810244,0.00030009002700810244,0.00030009002700810244,0.00030009002700810244
-2,31400,AMETHYSTS,10002,7,9998.0,7.0,9996.0,2.0,10004,2,10005.0,24.0,,,10003.0,0.0,[],-0.00029991002699190244,-0.00029991002699190244,-0.00039988003598920324,-0.00029991002699190244,-0.0005998200539838049
-2,31500,AMETHYSTS,9996,2,9995.0,30.0,,,9998,10,10002.0,7.0,10004.0,2.0,9997.0,0.0,[],0.00015004501350405122,0.0006001800540162049,0.00020006001800540162,0.00010003000900270081,0.00030009002700810244
-2,31600,AMETHYSTS,10002,3,9996.0,2.0,9995.0,22.0,10004,2,10005.0,22.0,,,10003.0,0.0,"[('10002.0', '3')]",-0.00039988003598920324,-0.00039988003598920324,-0.00029991002699190244,-0.00029991002699190244,-0.00039988003598920324
-2,31700,AMETHYSTS,9996,1,9995.0,25.0,,,10004,1,10005.0,25.0,,,10000.0,0.0,[],0.0,0.0,0.0001,0.0003,0.0001
-2,31800,AMETHYSTS,10002,1,9996.0,2.0,9995.0,23.0,10004,2,10005.0,23.0,,,10003.0,0.0,"[('10002.0', '1')]",-0.00029991002699190244,-0.000499850044986504,-0.00029991002699190244,-0.00019994001799460162,-0.00029991002699190244
-2,31900,AMETHYSTS,9996,1,9995.0,29.0,,,10004,1,10005.0,29.0,,,10000.0,0.0,[],0.0,-0.0001,0.00015,-0.00025,0.0003
-2,32000,AMETHYSTS,9995,22,,,,,10002,4,10005.0,22.0,,,9998.5,0.0,[],0.000450067510126519,0.0,0.00030004500675101265,0.00015002250337550632,-0.00015002250337550632
-2,32100,AMETHYSTS,9996,1,9995.0,22.0,,,10002,5,10004.0,1.0,10005.0,22.0,9999.0,0.0,"[('10002.0', '4')]",0.0,-5.000500050005001e-05,0.00045004500450045,0.0,0.00010001000100010001
-2,32200,AMETHYSTS,9996,1,9995.0,30.0,,,10004,1,10005.0,30.0,,,10000.0,0.0,[],0.0,0.0001,0.0001,0.0001,-0.0003
-2,32300,AMETHYSTS,9996,2,9995.0,20.0,,,10004,2,10005.0,20.0,,,10000.0,0.0,[],-0.0002,0.0,0.0003,-0.00015,0.0002
-2,32400,AMETHYSTS,9995,30,,,,,10005,30,,,,,10000.0,0.0,[],-0.0001,-0.0001,0.0003,0.0,0.0
-2,32500,AMETHYSTS,10002,1,9996.0,2.0,9995.0,20.0,10004,2,10005.0,20.0,,,10003.0,0.0,"[('10002.0', '1')]",-0.00044986504048785366,-0.00039988003598920324,-0.00039988003598920324,-0.00039988003598920324,-0.00029991002699190244
-2,32600,AMETHYSTS,9996,2,9995.0,21.0,,,10002,2,10004.0,2.0,10005.0,21.0,9999.0,0.0,[],-5.000500050005001e-05,0.00010001000100010001,-5.000500050005001e-05,-5.000500050005001e-05,0.00010001000100010001
-2,32700,AMETHYSTS,9996,2,9995.0,29.0,,,10004,2,10005.0,29.0,,,10000.0,0.0,[],0.0001,0.0001,0.0,0.0,0.0003
-2,32800,AMETHYSTS,9996,2,9995.0,24.0,,,10000,5,10002.0,2.0,10004.0,2.0,9998.0,0.0,"[('9995.0', '2'), ('9996.0', '2')]",0.00020004000800160032,0.00020004000800160032,0.00020004000800160032,-0.00010002000400080016,0.00020004000800160032
-2,32900,AMETHYSTS,9996,2,9995.0,30.0,,,10002,3,10004.0,2.0,10005.0,30.0,9999.0,0.0,[],0.0,0.00025002500250025,0.00010001000100010001,0.0,0.00010001000100010001
-2,33000,AMETHYSTS,9995,26,,,,,10002,3,10005.0,26.0,,,9998.5,0.0,[],5.000750112516878e-05,0.00030004500675101265,0.00030004500675101265,0.00015002250337550632,0.00025003750562584387
-2,33100,AMETHYSTS,9995,27,,,,,10002,5,10005.0,27.0,,,9998.5,0.0,[],0.00015002250337550632,0.0005000750112516877,0.00025003750562584387,0.00015002250337550632,0.00015002250337550632
-2,33200,AMETHYSTS,9998,9,9996.0,1.0,9995.0,20.0,10004,1,10005.0,20.0,,,10001.0,0.0,[],0.0,0.0,-0.00024997500249975,-9.999000099990002e-05,0.00019998000199980003
-2,33300,AMETHYSTS,9996,2,9995.0,24.0,,,10004,2,10005.0,24.0,,,10000.0,0.0,[],0.0,0.0003,0.0,0.0,-0.0003
-2,33400,AMETHYSTS,9996,2,9995.0,28.0,,,10002,3,10004.0,2.0,10005.0,28.0,9999.0,0.0,[],0.00025002500250025,0.00040004000400040005,-5.000500050005001e-05,0.00045004500450045,0.00010001000100010001
-2,33500,AMETHYSTS,9996,2,9995.0,26.0,,,10002,5,10004.0,2.0,10005.0,26.0,9999.0,0.0,"[('10002.0', '3')]",0.00025002500250025,0.0,0.00010001000100010001,0.00010001000100010001,-5.000500050005001e-05
-2,33600,AMETHYSTS,9995,26,,,,,10005,26,,,,,10000.0,0.0,[],0.00035,-0.00015,0.00035,-0.0001,0.0001
-2,33700,AMETHYSTS,9998,5,9996.0,1.0,9995.0,24.0,10004,1,10005.0,24.0,,,10001.0,0.0,[],0.0,-9.999000099990002e-05,-9.999000099990002e-05,0.0,-9.999000099990002e-05
-2,33800,AMETHYSTS,9995,20,,,,,10005,20,,,,,10000.0,0.0,[],0.0003,0.0,0.0,0.0003,-0.0002
-2,33900,AMETHYSTS,9998,6,9995.0,21.0,,,10005,21,,,,,10001.5,0.0,[],0.00014997750337449384,-0.00014997750337449384,-0.00024996250562415637,-4.999250112483127e-05,-0.00024996250562415637
-2,34000,AMETHYSTS,9998,1,9995.0,26.0,,,10005,26,,,,,10001.5,0.0,"[('9998.0', '1')]",-0.00024996250562415637,0.0,-0.00014997750337449384,-0.0004499325101234815,-4.999250112483127e-05
-2,34100,AMETHYSTS,10002,1,9995.0,23.0,,,10005,23,,,,,10003.5,0.0,"[('10002.0', '1')]",-0.00049982506122857,-0.000249912530614285,-0.000349877542859999,-0.000349877542859999,-0.000249912530614285
-2,34200,AMETHYSTS,9998,7,9996.0,2.0,9995.0,21.0,10004,2,10005.0,21.0,,,10001.0,0.0,[],-9.999000099990002e-05,-0.00024997500249975,0.0,-9.999000099990002e-05,-0.00039996000399960006
-2,34300,AMETHYSTS,10002,7,9996.0,2.0,9995.0,27.0,10004,2,10005.0,27.0,,,10003.0,0.0,[],-0.00029991002699190244,-0.00029991002699190244,-0.00029991002699190244,-0.00019994001799460162,-0.0005998200539838049
-2,34400,AMETHYSTS,10002,1,9996.0,2.0,9995.0,29.0,10004,2,10005.0,29.0,,,10003.0,0.0,[],-0.00029991002699190244,-0.00044986504048785366,-0.00039988003598920324,-0.00019994001799460162,-0.00029991002699190244
-2,34500,AMETHYSTS,9996,2,9995.0,23.0,,,10002,5,10004.0,2.0,10005.0,23.0,9999.0,0.0,[],0.00025002500250025,0.00010001000100010001,0.00010001000100010001,0.00010001000100010001,-0.00020002000200020003
-2,34600,AMETHYSTS,9995,28,,,,,10002,3,10005.0,28.0,,,9998.5,0.0,[],0.00025003750562584387,0.0005000750112516877,0.00015002250337550632,0.00015002250337550632,0.00015002250337550632
-2,34700,AMETHYSTS,9996,2,9995.0,29.0,,,10004,2,10005.0,29.0,,,10000.0,0.0,[],-0.00015,0.0,0.0,0.0001,0.0
-2,34800,AMETHYSTS,9995,23,,,,,10005,23,,,,,10000.0,0.0,[],0.0,0.0,0.0002,0.0,-0.0001
-2,34900,AMETHYSTS,9996,1,9995.0,26.0,,,10004,1,10005.0,26.0,,,10000.0,0.0,[],-0.00015,-0.0001,0.0,0.0,-0.0001
-2,35000,AMETHYSTS,9998,10,9995.0,21.0,,,10005,21,,,,,10001.5,0.0,[],-0.00014997750337449384,-0.00014997750337449384,-4.999250112483127e-05,0.00014997750337449384,-0.00024996250562415637
-2,35100,AMETHYSTS,9998,3,9996.0,2.0,9995.0,22.0,10004,2,10005.0,22.0,,,10001.0,0.0,[],0.00024997500249975,-9.999000099990002e-05,-9.999000099990002e-05,-9.999000099990002e-05,-9.999000099990002e-05
-2,35200,AMETHYSTS,9995,26,,,,,10002,5,10005.0,26.0,,,9998.5,0.0,[],0.00015002250337550632,0.00025003750562584387,0.00015002250337550632,0.00015002250337550632,0.00015002250337550632
-2,35300,AMETHYSTS,9995,21,,,,,10005,21,,,,,10000.0,0.0,[],0.0,0.0,0.0,0.0,0.0
-2,35400,AMETHYSTS,9995,22,,,,,10002,2,10005.0,22.0,,,9998.5,0.0,[],5.000750112516878e-05,5.000750112516878e-05,0.0005000750112516877,0.00015002250337550632,0.00015002250337550632
-2,35500,AMETHYSTS,9996,1,9995.0,22.0,,,10004,1,10005.0,22.0,,,10000.0,0.0,[],0.0,0.0,0.0001,0.0,0.0
-2,35600,AMETHYSTS,10002,1,9995.0,27.0,,,10005,27,,,,,10003.5,0.0,"[('10002.0', '1')]",-0.000349877542859999,-0.000349877542859999,-0.000649772579597141,-0.000699755085719998,-0.000349877542859999
-2,35700,AMETHYSTS,9996,1,9995.0,24.0,,,10004,1,10005.0,24.0,,,10000.0,0.0,[],0.0001,0.0,0.0,0.0,0.0
-2,35800,AMETHYSTS,9996,1,9995.0,26.0,,,10004,1,10005.0,26.0,,,10000.0,0.0,[],0.0,0.0002,0.0001,0.0,0.0
-2,35900,AMETHYSTS,9996,1,9995.0,22.0,,,10002,4,10004.0,1.0,10005.0,22.0,9999.0,0.0,[],0.0,0.00010001000100010001,0.00010001000100010001,0.0,0.00010001000100010001
-2,36000,AMETHYSTS,9995,28,,,,,10005,28,,,,,10000.0,0.0,[],0.0,0.0001,0.00015,0.0,0.0
-2,36100,AMETHYSTS,9995,29,,,,,10005,29,,,,,10000.0,0.0,[],0.0,0.0,0.0,0.0,0.0
-2,36200,AMETHYSTS,9998,3,9996.0,2.0,9995.0,28.0,10004,2,10005.0,28.0,,,10001.0,0.0,[],-9.999000099990002e-05,-9.999000099990002e-05,-9.999000099990002e-05,0.00014998500149985002,-9.999000099990002e-05
-2,36300,AMETHYSTS,9995,25,,,,,10005,25,,,,,10000.0,0.0,"[('10005.0', '1')]",0.0002,0.0,0.0003,-0.00015,-0.0001
-2,36400,AMETHYSTS,9996,1,9995.0,30.0,,,10002,3,10004.0,1.0,10005.0,30.0,9999.0,0.0,[],0.00010001000100010001,0.00045004500450045,0.00010001000100010001,0.00010001000100010001,0.00010001000100010001
-2,36500,AMETHYSTS,9995,24,,,,,10005,24,,,,,10000.0,0.0,"[('10005.0', '4')]",0.0001,0.0001,0.00035,0.0,0.0001
-2,36600,AMETHYSTS,9995,29,,,,,10005,29,,,,,10000.0,0.0,[],0.0,-0.0003,0.0,0.0,0.0
-2,36700,AMETHYSTS,9996,2,9995.0,30.0,,,10004,2,10005.0,30.0,,,10000.0,0.0,[],0.0,0.0,0.0002,0.00015,0.0003
-2,36800,AMETHYSTS,10000,3,9996.0,2.0,9995.0,22.0,10004,2,10005.0,22.0,,,10002.0,0.0,[],-0.0001999600079984003,-9.998000399920016e-05,0.0,-0.0003999200159968006,-9.998000399920016e-05
-2,36900,AMETHYSTS,9996,1,9995.0,22.0,,,10004,1,10005.0,22.0,,,10000.0,0.0,[],0.00035,0.0,-0.00015,0.0,0.0
-2,37000,AMETHYSTS,9998,2,9996.0,2.0,9995.0,26.0,10004,2,10005.0,26.0,,,10001.0,0.0,[],0.0,4.999500049995001e-05,-9.999000099990002e-05,-9.999000099990002e-05,-9.999000099990002e-05
-2,37100,AMETHYSTS,9995,20,,,,,10005,20,,,,,10000.0,0.0,[],-0.0003,0.0,-0.00015,-0.0001,0.00035
-2,37200,AMETHYSTS,9996,2,9995.0,27.0,,,10004,2,10005.0,27.0,,,10000.0,0.0,[],0.0,0.0,0.0,0.0001,0.00035
-2,37300,AMETHYSTS,9996,2,9995.0,21.0,,,10004,2,10005.0,21.0,,,10000.0,0.0,[],0.0001,0.0003,0.0,0.0,0.00035
-2,37400,AMETHYSTS,10002,1,9995.0,30.0,,,10005,30,,,,,10003.5,0.0,"[('10002.0', '1')]",-0.000349877542859999,-0.000349877542859999,-0.000349877542859999,-0.000449842555105713,-0.000449842555105713
-2,37500,AMETHYSTS,9998,4,9996.0,1.0,9995.0,22.0,10004,1,10005.0,22.0,,,10001.0,0.0,[],4.999500049995001e-05,0.00024997500249975,-9.999000099990002e-05,-9.999000099990002e-05,-9.999000099990002e-05
-2,37600,AMETHYSTS,9996,1,9995.0,22.0,,,9998,1,10004.0,1.0,10005.0,22.0,9997.0,0.0,[],0.00030009002700810244,0.00030009002700810244,0.00030009002700810244,0.00030009002700810244,0.00030009002700810244
-2,37700,AMETHYSTS,9996,1,9995.0,20.0,,,10004,1,10005.0,20.0,,,10000.0,0.0,[],0.0,0.0002,0.0,-0.0001,0.0003
-2,37800,AMETHYSTS,9998,9,9996.0,2.0,9995.0,20.0,10004,2,10005.0,20.0,,,10001.0,0.0,[],0.00019998000199980003,9.999000099990002e-05,-0.00044995500449955,-9.999000099990002e-05,-9.999000099990002e-05
-2,37900,AMETHYSTS,9995,24,,,,,10005,24,,,,,10000.0,0.0,"[('9995.0', '4')]",0.0,-0.00015,0.0,0.0,0.0
-2,38000,AMETHYSTS,9998,2,9995.0,25.0,,,10005,25,,,,,10001.5,0.0,[],0.0001999700044993251,-0.00014997750337449384,-0.00014997750337449384,-0.0004999250112483127,4.999250112483127e-05
-2,38100,AMETHYSTS,9996,1,9995.0,26.0,,,10004,1,10005.0,26.0,,,10000.0,0.0,[],0.0,-0.00015,0.0,0.0,0.0001
-2,38200,AMETHYSTS,9996,2,9995.0,20.0,,,10004,2,10005.0,20.0,,,10000.0,0.0,[],0.0002,0.0,0.0,0.0001,0.0001
-2,38300,AMETHYSTS,10002,1,9996.0,2.0,9995.0,20.0,10004,2,10005.0,20.0,,,10003.0,0.0,[],-9.997000899730081e-05,-0.00029991002699190244,-0.00014995501349595122,-0.00029991002699190244,-0.00029991002699190244
-2,38400,AMETHYSTS,9996,2,9995.0,24.0,,,10004,2,10005.0,24.0,,,10000.0,0.0,"[('10004.0', '2')]",-0.00015,0.0,0.0,0.0,0.0
-2,38500,AMETHYSTS,10002,6,9998.0,2.0,9995.0,21.0,10005,21,,,,,10003.5,0.0,"[('10002.0', '6')]",-0.000349877542859999,-0.000349877542859999,-0.000349877542859999,-0.000349877542859999,-0.000249912530614285
-2,38600,AMETHYSTS,9996,2,9995.0,27.0,,,10004,2,10005.0,27.0,,,10000.0,0.0,[],-0.00015,0.0,0.0,0.0001,-0.00035
-2,38700,AMETHYSTS,10000,4,9996.0,2.0,9995.0,30.0,10004,2,10005.0,30.0,,,10002.0,0.0,[],-0.0001999600079984003,-0.0001999600079984003,-0.0001999600079984003,-0.0001999600079984003,-0.0001999600079984003
-2,38800,AMETHYSTS,10000,6,9996.0,2.0,9995.0,22.0,10004,2,10005.0,22.0,,,10002.0,0.0,[],-0.0001999600079984003,-0.0005498900219956009,-0.0001999600079984003,-9.998000399920016e-05,-0.00029994001199760045
-2,38900,AMETHYSTS,9995,21,,,,,10002,8,10005.0,21.0,,,9998.5,0.0,"[('9995.0', '2')]",0.00015002250337550632,0.00015002250337550632,0.00015002250337550632,0.00015002250337550632,0.00015002250337550632
-2,39000,AMETHYSTS,9996,2,9995.0,28.0,,,10004,2,10005.0,28.0,,,10000.0,0.0,[],0.0,0.0,0.0,0.0,0.0
-2,39100,AMETHYSTS,9995,25,,,,,10002,5,10005.0,25.0,,,9998.5,0.0,"[('10002.0', '5')]",0.00015002250337550632,0.00015002250337550632,0.00015002250337550632,-0.00015002250337550632,0.00015002250337550632
-2,39200,AMETHYSTS,9996,2,9995.0,20.0,,,10004,2,10005.0,20.0,,,10000.0,0.0,[],0.0,0.0,0.00025,0.00015,0.0
-2,39300,AMETHYSTS,9996,1,9995.0,28.0,,,10004,1,10005.0,28.0,,,10000.0,0.0,"[('9996.0', '1')]",-0.00035,0.00015,0.0,0.00015,-0.0003
-2,39400,AMETHYSTS,9996,2,9995.0,24.0,,,10004,2,10005.0,24.0,,,10000.0,0.0,[],0.0,0.0,0.0,0.00035,0.0003
-2,39500,AMETHYSTS,9996,2,9995.0,29.0,,,10004,2,10005.0,29.0,,,10000.0,0.0,[],0.0,0.0,-0.0002,0.0,0.0
-2,39600,AMETHYSTS,9996,2,9995.0,26.0,,,10004,2,10005.0,26.0,,,10000.0,0.0,[],0.0,0.0,0.0,-0.0001,0.0001
-2,39700,AMETHYSTS,9996,2,9995.0,21.0,,,10004,2,10005.0,21.0,,,10000.0,0.0,[],0.0,0.0,0.0003,0.0,0.0003
-2,39800,AMETHYSTS,9995,24,,,,,9998,12,10005.0,24.0,,,9996.5,0.0,[],0.000500175061271445,0.0003501225428900115,0.0004501575551443005,0.0003501225428900115,0.0001500525183814335
-2,39900,AMETHYSTS,9995,23,,,,,10005,23,,,,,10000.0,0.0,[],0.0,0.0,-0.00025,0.0,0.0
-2,40000,AMETHYSTS,9995,27,,,,,10005,27,,,,,10000.0,0.0,[],0.0,0.0,0.0,0.0,0.0
-2,40100,AMETHYSTS,9996,1,9995.0,26.0,,,10004,1,10005.0,26.0,,,10000.0,0.0,[],0.0,0.0,-0.0001,0.0,-0.0003
-2,40200,AMETHYSTS,9996,2,9995.0,27.0,,,10004,2,10005.0,27.0,,,10000.0,0.0,[],0.0,0.00025,0.0001,0.0,0.0
-2,40300,AMETHYSTS,9998,9,9995.0,28.0,,,10005,28,,,,,10001.5,0.0,[],-0.00014997750337449384,-0.00014997750337449384,-0.0002999550067489877,4.999250112483127e-05,-0.00014997750337449384
-2,40400,AMETHYSTS,9995,30,,,,,10005,30,,,,,10000.0,0.0,[],0.0,0.0,0.0,0.0,0.0
-2,40500,AMETHYSTS,9996,1,9995.0,29.0,,,10004,1,10005.0,29.0,,,10000.0,0.0,[],0.0,-0.0002,-0.0001,0.0001,-0.0003
-2,40600,AMETHYSTS,9995,29,,,,,10005,29,,,,,10000.0,0.0,[],0.0,0.0,-0.00015,0.0,0.0
-2,40700,AMETHYSTS,9995,24,,,,,10005,24,,,,,10000.0,0.0,[],0.00025,0.0003,0.0,0.0,0.0
-2,40800,AMETHYSTS,9995,24,,,,,10005,24,,,,,10000.0,0.0,[],0.0,0.0001,-0.0003,0.00015,-0.0001
-2,40900,AMETHYSTS,9995,23,,,,,10005,23,,,,,10000.0,0.0,[],0.0,-0.00025,-0.0001,-0.0001,0.0
-2,41000,AMETHYSTS,9995,24,,,,,10005,24,,,,,10000.0,0.0,[],-0.0002,0.0,0.0,-0.0003,0.0
-2,41100,AMETHYSTS,9995,26,,,,,10005,26,,,,,10000.0,0.0,[],0.0,-0.0001,0.0,-0.0003,0.00035
-2,41200,AMETHYSTS,10000,2,9995.0,25.0,,,10005,25,,,,,10002.5,0.0,[],4.9987503124218944e-05,-0.00014996250937265683,-0.00024993751562109475,-0.00014996250937265683,-0.00034991252186953263
-2,41300,AMETHYSTS,9996,2,9995.0,28.0,,,10004,2,10005.0,28.0,,,10000.0,0.0,[],0.0001,-0.00015,0.0,0.0,0.0
-2,41400,AMETHYSTS,9996,1,9995.0,30.0,,,10004,1,10005.0,30.0,,,10000.0,0.0,[],-0.00025,0.0,0.00035,-0.0003,0.00035
-2,41500,AMETHYSTS,9996,2,9995.0,21.0,,,10000,5,10004.0,2.0,10005.0,21.0,9998.0,0.0,"[('10002.0', '1'), ('10000.0', '2')]",0.00020004000800160032,0.00010002000400080016,0.00020004000800160032,0.00020004000800160032,0.00020004000800160032
-2,41600,AMETHYSTS,9995,23,,,,,10005,23,,,,,10000.0,0.0,"[('9995.0', '1')]",-0.0001,-0.00015,-0.0001,-0.0001,-0.00035
-2,41700,AMETHYSTS,10002,1,9996.0,1.0,9995.0,28.0,10004,1,10005.0,28.0,,,10003.0,0.0,[],-0.00019994001799460162,-0.00029991002699190244,-0.00019994001799460162,-0.00019994001799460162,-0.00029991002699190244
-2,41800,AMETHYSTS,9998,9,9996.0,2.0,9995.0,29.0,10004,2,10005.0,29.0,,,10001.0,0.0,[],-0.00024997500249975,-0.00039996000399960006,0.00019998000199980003,-9.999000099990002e-05,0.0
-2,41900,AMETHYSTS,9995,30,,,,,10000,3,10002.0,4.0,10005.0,30.0,9997.5,0.0,[],0.00025006251562890725,0.00015003750937734434,0.0003500875218804701,0.0005501375343835959,0.00025006251562890725
-2,42000,AMETHYSTS,9995,20,,,,,10005,20,,,,,10000.0,0.0,[],-0.0001,0.0,-0.0003,-0.0003,0.0
-2,42100,AMETHYSTS,9996,1,9995.0,20.0,,,10002,6,10004.0,1.0,10005.0,20.0,9999.0,0.0,[],-5.000500050005001e-05,0.00010001000100010001,0.00010001000100010001,0.00010001000100010001,0.00010001000100010001
-2,42200,AMETHYSTS,9998,8,9996.0,2.0,9995.0,20.0,10004,2,10005.0,20.0,,,10001.0,0.0,[],-9.999000099990002e-05,-9.999000099990002e-05,-9.999000099990002e-05,-0.00039996000399960006,-9.999000099990002e-05
-2,42300,AMETHYSTS,9995,24,,,,,10002,8,10005.0,24.0,,,9998.5,0.0,[],-0.00015002250337550632,0.00015002250337550632,0.00025003750562584387,0.00035005250787618143,0.00015002250337550632
-2,42400,AMETHYSTS,9996,2,9995.0,25.0,,,10004,2,10005.0,25.0,,,10000.0,0.0,[],-0.0001,0.00035,0.0001,0.0,0.0
-2,42500,AMETHYSTS,9996,2,9995.0,22.0,,,10002,8,10004.0,2.0,10005.0,22.0,9999.0,0.0,[],0.00010001000100010001,0.00010001000100010001,0.00010001000100010001,0.00010001000100010001,0.0
-2,42600,AMETHYSTS,9995,24,,,,,10002,3,10005.0,24.0,,,9998.5,0.0,[],0.00015002250337550632,5.000750112516878e-05,0.00015002250337550632,0.00015002250337550632,5.000750112516878e-05
-2,42700,AMETHYSTS,9996,1,9995.0,23.0,,,10004,1,10005.0,23.0,,,10000.0,0.0,[],0.0,0.0001,0.0001,0.0003,0.0
-2,42800,AMETHYSTS,9996,2,9995.0,25.0,,,9998,12,10004.0,2.0,10005.0,25.0,9997.0,0.0,[],0.00030009002700810244,0.0006001800540162049,0.00030009002700810244,0.00030009002700810244,0.00030009002700810244
-2,42900,AMETHYSTS,9996,2,9995.0,26.0,,,10002,4,10004.0,2.0,10005.0,26.0,9999.0,0.0,"[('10002.0', '1')]",0.00045004500450045,0.00020002000200020003,0.00010001000100010001,0.00010001000100010001,0.0
-2,43000,AMETHYSTS,9995,21,,,,,10005,21,,,,,10000.0,0.0,[],0.0,-0.0003,0.0003,0.0001,-0.0002
-2,43100,AMETHYSTS,9995,21,,,,,10005,21,,,,,10000.0,0.0,"[('10005.0', '2')]",-0.0001,0.0,0.0,0.0,0.0
-2,43200,AMETHYSTS,9996,1,9995.0,28.0,,,10004,1,10005.0,28.0,,,10000.0,0.0,[],0.0001,0.0,0.0,0.0003,0.0001
-2,43300,AMETHYSTS,9996,2,9995.0,23.0,,,10004,2,10005.0,23.0,,,10000.0,0.0,[],0.0003,0.0001,0.0,-0.0003,-0.00035
-2,43400,AMETHYSTS,10002,1,9995.0,28.0,,,10005,28,,,,,10003.5,0.0,"[('10002.0', '1')]",-0.000249912530614285,-0.000249912530614285,-0.000349877542859999,-0.000349877542859999,-0.000449842555105713
-2,43500,AMETHYSTS,9996,2,9995.0,22.0,,,10004,2,10005.0,22.0,,,10000.0,0.0,[],-0.0003,0.0,0.0,-0.00015,-0.00035
-2,43600,AMETHYSTS,9996,2,9995.0,20.0,,,10002,8,10004.0,2.0,10005.0,20.0,9999.0,0.0,[],0.00010001000100010001,0.00010001000100010001,-0.00025002500250025,0.00020002000200020003,0.00010001000100010001
-2,43700,AMETHYSTS,9998,7,9996.0,1.0,9995.0,29.0,10004,1,10005.0,29.0,,,10001.0,0.0,"[('9998.0', '1')]",-9.999000099990002e-05,0.0,-9.999000099990002e-05,-9.999000099990002e-05,-0.00039996000399960006
-2,43800,AMETHYSTS,10002,1,9996.0,2.0,9995.0,27.0,10004,2,10005.0,27.0,,,10003.0,0.0,[],-0.00019994001799460162,-0.00029991002699190244,-0.00029991002699190244,-0.000499850044986504,-0.00029991002699190244
-2,43900,AMETHYSTS,9998,5,9996.0,2.0,9995.0,22.0,10004,2,10005.0,22.0,,,10001.0,0.0,"[('10004.0', '2')]",0.0,-9.999000099990002e-05,-0.00019998000199980003,-0.00019998000199980003,0.00019998000199980003
-2,44000,AMETHYSTS,9996,1,9995.0,29.0,,,9998,1,10004.0,1.0,10005.0,29.0,9997.0,0.0,"[('9998.0', '1')]",0.00030009002700810244,0.0006001800540162049,0.00030009002700810244,0.00040012003601080324,0.00040012003601080324
-2,44100,AMETHYSTS,9995,30,,,,,10005,30,,,,,10000.0,0.0,[],0.0,0.0,0.0,0.0001,0.0001
-2,44200,AMETHYSTS,9996,1,9995.0,26.0,,,10004,1,10005.0,26.0,,,10000.0,0.0,[],0.0001,0.0,0.00025,-0.0003,0.0
-2,44300,AMETHYSTS,9998,6,9996.0,1.0,9995.0,27.0,10004,1,10005.0,27.0,,,10001.0,0.0,[],-9.999000099990002e-05,-9.999000099990002e-05,-0.00024997500249975,-0.00039996000399960006,0.0
-2,44400,AMETHYSTS,9998,3,9996.0,2.0,9995.0,21.0,10004,2,10005.0,21.0,,,10001.0,0.0,[],-9.999000099990002e-05,-9.999000099990002e-05,-9.999000099990002e-05,-9.999000099990002e-05,-0.00044995500449955
-2,44500,AMETHYSTS,9996,2,9995.0,27.0,,,10004,2,10005.0,27.0,,,10000.0,0.0,[],0.0003,0.0,0.0,-0.0003,0.0
-2,44600,AMETHYSTS,9995,26,,,,,10005,26,,,,,10000.0,0.0,[],0.0,-0.00035,0.0,0.0,0.0003
-2,44700,AMETHYSTS,9998,4,9996.0,1.0,9995.0,27.0,10004,1,10005.0,27.0,,,10001.0,0.0,[],-9.999000099990002e-05,-9.999000099990002e-05,4.999500049995001e-05,-9.999000099990002e-05,0.0
-2,44800,AMETHYSTS,9996,1,9995.0,23.0,,,10004,1,10005.0,23.0,,,10000.0,0.0,"[('9996.0', '1')]",0.0,0.0,-0.0002,-0.0001,0.0003
-2,44900,AMETHYSTS,9995,30,,,,,10005,30,,,,,10000.0,0.0,[],0.0,-0.0001,0.0,-0.0001,0.00035
-2,45000,AMETHYSTS,10002,2,9996.0,2.0,9995.0,23.0,10004,2,10005.0,23.0,,,10003.0,0.0,[],-0.00029991002699190244,-0.00029991002699190244,-0.00029991002699190244,-0.00039988003598920324,-0.00029991002699190244
-2,45100,AMETHYSTS,9996,1,9995.0,25.0,,,10004,1,10005.0,25.0,,,10000.0,0.0,"[('9996.0', '1')]",-0.00035,0.0,-0.0001,0.0,-0.00015
-2,45200,AMETHYSTS,9995,24,,,,,10005,24,,,,,10000.0,0.0,[],0.0,0.00025,0.0001,0.0,0.0
-2,45300,AMETHYSTS,9996,1,9995.0,29.0,,,10004,1,10005.0,29.0,,,10000.0,0.0,[],0.0,-0.00015,0.0,0.0,0.0002
-2,45400,AMETHYSTS,9996,1,9995.0,24.0,,,10004,1,10005.0,24.0,,,10000.0,0.0,[],-0.0001,0.0,-0.0001,0.0,0.00035
-2,45500,AMETHYSTS,9996,1,9995.0,28.0,,,10004,1,10005.0,28.0,,,10000.0,0.0,[],0.0,0.0,0.0,0.0,-0.0003
-2,45600,AMETHYSTS,9995,27,,,,,9998,1,10002.0,8.0,10005.0,27.0,9996.5,0.0,[],0.0003501225428900115,0.0003501225428900115,0.0003501225428900115,0.0003501225428900115,0.0003501225428900115
-2,45700,AMETHYSTS,9996,1,9995.0,21.0,,,10004,1,10005.0,21.0,,,10000.0,0.0,[],0.00025,0.00015,-0.0001,0.0,0.0
-2,45800,AMETHYSTS,9996,1,9995.0,20.0,,,10004,1,10005.0,20.0,,,10000.0,0.0,"[('9996.0', '1'), ('9996.0', '10')]",-0.00015,-0.0002,0.0,0.0,0.0
-2,45900,AMETHYSTS,9996,2,9995.0,26.0,,,10002,8,10004.0,2.0,10005.0,26.0,9999.0,0.0,[],0.00010001000100010001,0.00010001000100010001,0.00010001000100010001,0.00010001000100010001,-0.00025002500250025
-2,46000,AMETHYSTS,9995,26,,,,,10005,26,,,,,10000.0,0.0,[],0.0,0.0,-0.00035,0.0,0.0001
-2,46100,AMETHYSTS,9996,1,9995.0,23.0,,,10004,1,10005.0,23.0,,,10000.0,0.0,[],0.0,-0.0001,0.0,0.0,0.0
-2,46200,AMETHYSTS,10000,2,9998.0,3.0,9995.0,20.0,10005,20,,,,,10002.5,0.0,"[('9998.0', '1')]",-9.997500624843789e-05,-0.00014996250937265683,-0.00014996250937265683,-0.00024993751562109475,-0.00024993751562109475
-2,46300,AMETHYSTS,9995,23,,,,,10002,1,10005.0,23.0,,,9998.5,0.0,"[('9995.0', '1')]",-5.000750112516878e-05,0.00015002250337550632,0.00015002250337550632,5.000750112516878e-05,0.00025003750562584387
-2,46400,AMETHYSTS,9995,26,,,,,10005,26,,,,,10000.0,0.0,[],0.0,-0.0001,0.0,0.0,-0.00015
-2,46500,AMETHYSTS,9996,2,9995.0,24.0,,,10004,2,10005.0,24.0,,,10000.0,0.0,[],0.0,0.0,0.0,0.0001,0.00015
-2,46600,AMETHYSTS,9996,1,9995.0,21.0,,,10004,1,10005.0,21.0,,,10000.0,0.0,[],-0.0001,0.0,0.0001,0.0,0.0001
-2,46700,AMETHYSTS,9998,10,9995.0,27.0,,,10005,27,,,,,10001.5,0.0,[],-4.999250112483127e-05,-0.00024996250562415637,-0.00014997750337449384,0.00014997750337449384,-0.0004999250112483127
-2,46800,AMETHYSTS,9996,1,9995.0,30.0,,,10000,5,10004.0,1.0,10005.0,30.0,9998.0,0.0,"[('9996.0', '1')]",0.00020004000800160032,0.00020004000800160032,0.0003000600120024005,0.0003000600120024005,-0.00010002000400080016
-2,46900,AMETHYSTS,9996,1,9995.0,30.0,,,10004,1,10005.0,30.0,,,10000.0,0.0,[],-0.0001,0.0,0.0,0.0,-0.0002
-2,47000,AMETHYSTS,9995,29,,,,,10005,29,,,,,10000.0,0.0,[],0.0,-0.00035,0.0,0.0,0.0
-2,47100,AMETHYSTS,9996,2,9995.0,26.0,,,10002,10,10004.0,2.0,10005.0,26.0,9999.0,0.0,[],0.00010001000100010001,0.00010001000100010001,-0.00020002000200020003,0.00045004500450045,-5.000500050005001e-05
-2,47200,AMETHYSTS,10000,5,9996.0,1.0,9995.0,25.0,10002,1,10004.0,1.0,10005.0,25.0,10001.0,0.0,[],-0.00019998000199980003,0.0,4.999500049995001e-05,0.00024997500249975,-0.00019998000199980003
-2,47300,AMETHYSTS,9996,2,9995.0,29.0,,,10004,2,10005.0,29.0,,,10000.0,0.0,[],0.0,0.0,0.00015,0.00035,0.0
-2,47400,AMETHYSTS,9996,2,9995.0,27.0,,,10002,7,10004.0,2.0,10005.0,27.0,9999.0,0.0,[],0.00010001000100010001,0.00010001000100010001,0.00045004500450045,0.0,0.00010001000100010001
-2,47500,AMETHYSTS,9996,1,9995.0,26.0,,,10004,1,10005.0,26.0,,,10000.0,0.0,[],-0.00035,0.0,0.0,0.0,-0.0001
-2,47600,AMETHYSTS,9996,1,9995.0,26.0,,,10004,1,10005.0,26.0,,,10000.0,0.0,[],0.0,0.0001,-0.0001,0.0,0.0
-2,47700,AMETHYSTS,9996,2,9995.0,22.0,,,10002,8,10004.0,2.0,10005.0,22.0,9999.0,0.0,[],0.00020002000200020003,0.00010001000100010001,0.00010001000100010001,0.00040004000400040005,0.00010001000100010001
-2,47800,AMETHYSTS,9995,25,,,,,10005,25,,,,,10000.0,0.0,[],0.0,0.0001,0.0,0.0,0.0
-2,47900,AMETHYSTS,9996,2,9995.0,24.0,,,10004,2,10005.0,24.0,,,10000.0,0.0,[],0.0,0.0,0.0,0.0,0.0001
-2,48000,AMETHYSTS,9995,28,,,,,9998,1,10005.0,28.0,,,9996.5,0.0,[],0.0003501225428900115,0.0003501225428900115,0.0003501225428900115,0.0005501925673985895,0.000700245085780023
-2,48100,AMETHYSTS,9996,2,9995.0,22.0,,,10004,2,10005.0,22.0,,,10000.0,0.0,[],0.0001,-0.0003,0.0,0.0001,-0.0001
-2,48200,AMETHYSTS,9998,8,9996.0,1.0,9995.0,24.0,10004,1,10005.0,24.0,,,10001.0,0.0,[],-9.999000099990002e-05,4.999500049995001e-05,-9.999000099990002e-05,0.0,4.999500049995001e-05
-2,48300,AMETHYSTS,9995,26,,,,,10005,26,,,,,10000.0,0.0,"[('9995.0', '1')]",0.0001,0.00015,0.0002,0.0,0.0
-2,48400,AMETHYSTS,9996,2,9995.0,28.0,,,10004,2,10005.0,28.0,,,10000.0,0.0,[],0.0,0.00035,0.0,0.0,0.0
-2,48500,AMETHYSTS,9995,25,,,,,10005,25,,,,,10000.0,0.0,[],0.0,0.0,0.0001,0.0001,0.0003
-2,48600,AMETHYSTS,9998,3,9996.0,2.0,9995.0,22.0,10004,2,10005.0,22.0,,,10001.0,0.0,"[('10004.0', '1')]",-0.00039996000399960006,-0.00019998000199980003,-9.999000099990002e-05,-0.00044995500449955,-9.999000099990002e-05
-2,48700,AMETHYSTS,9995,21,,,,,10005,21,,,,,10000.0,0.0,[],0.00015,0.0,0.0,0.0,0.0
-2,48800,AMETHYSTS,9998,9,9996.0,1.0,9995.0,24.0,10004,1,10005.0,24.0,,,10001.0,0.0,[],4.999500049995001e-05,-9.999000099990002e-05,4.999500049995001e-05,-0.00019998000199980003,-0.00019998000199980003
-2,48900,AMETHYSTS,9996,1,9995.0,27.0,,,10004,1,10005.0,27.0,,,10000.0,0.0,[],0.00035,0.0,-0.0001,0.0,0.00035
-2,49000,AMETHYSTS,9996,1,9995.0,20.0,,,10004,1,10005.0,20.0,,,10000.0,0.0,[],0.0,0.0,-0.0003,0.0,0.0
-2,49100,AMETHYSTS,9996,1,9995.0,27.0,,,9998,1,10004.0,1.0,10005.0,27.0,9997.0,0.0,[],0.00020006001800540162,0.00030009002700810244,0.0,0.00030009002700810244,0.00030009002700810244
-2,49200,AMETHYSTS,9998,7,9995.0,29.0,,,10005,29,,,,,10001.5,0.0,[],-0.00014997750337449384,-0.00014997750337449384,-4.999250112483127e-05,-0.00014997750337449384,-0.00014997750337449384
-2,49300,AMETHYSTS,9998,8,9995.0,22.0,,,10005,22,,,,,10001.5,0.0,"[('10005.0', '1')]",-0.00014997750337449384,4.999250112483127e-05,-0.00014997750337449384,-0.0004499325101234815,-0.00014997750337449384
-2,49400,AMETHYSTS,10002,1,9995.0,21.0,,,10005,21,,,,,10003.5,0.0,[],-0.000349877542859999,-0.000349877542859999,-0.000649772579597141,-4.9982506122857e-05,-0.000249912530614285
-2,49500,AMETHYSTS,9996,1,9995.0,29.0,,,10004,1,10005.0,29.0,,,10000.0,0.0,[],0.0,0.0001,0.0,0.0,-0.00015
-2,49600,AMETHYSTS,9996,1,9995.0,29.0,,,10002,2,10004.0,1.0,10005.0,29.0,9999.0,0.0,[],0.00010001000100010001,0.00010001000100010001,0.0,0.00020002000200020003,0.00010001000100010001
-2,49700,AMETHYSTS,9995,27,,,,,10005,27,,,,,10000.0,0.0,"[('9995.0', '2')]",0.0,0.0,0.0001,0.0003,0.0
-2,49800,AMETHYSTS,9996,2,9995.0,24.0,,,10004,2,10005.0,24.0,,,10000.0,0.0,[],0.0002,0.00015,0.0,-0.0002,0.0
-2,49900,AMETHYSTS,9995,22,,,,,10005,22,,,,,10000.0,0.0,[],0.0,-0.0001,0.0003,0.0,0.00015
-2,50000,AMETHYSTS,9996,1,9995.0,27.0,,,10004,1,10005.0,27.0,,,10000.0,0.0,[],0.0001,-0.0003,-0.0003,0.0,0.0001
-2,50100,AMETHYSTS,9995,30,,,,,10005,30,,,,,10000.0,0.0,[],0.0,-0.0003,0.0,-0.0003,-0.0001
-2,50200,AMETHYSTS,9996,2,9995.0,29.0,,,10004,2,10005.0,29.0,,,10000.0,0.0,"[('9996.0', '1')]",0.0,0.0001,-0.0003,0.0,-0.0001
-2,50300,AMETHYSTS,10000,2,9996.0,1.0,9995.0,20.0,10004,1,10005.0,20.0,,,10002.0,0.0,[],-4.999000199960008e-05,-0.0001999600079984003,0.0,-0.0001999600079984003,-0.0001999600079984003
-2,50400,AMETHYSTS,9996,2,9995.0,21.0,,,10004,2,10005.0,21.0,,,10000.0,0.0,"[('9996.0', '2')]",-0.0001,-0.0003,0.0,0.0,-0.0001
-2,50500,AMETHYSTS,9998,9,9996.0,2.0,9995.0,26.0,10004,2,10005.0,26.0,,,10001.0,0.0,[],-0.00039996000399960006,-9.999000099990002e-05,-9.999000099990002e-05,-0.00039996000399960006,-9.999000099990002e-05
-2,50600,AMETHYSTS,9995,22,,,,,10005,22,,,,,10000.0,0.0,[],-0.0003,-0.0001,0.0,0.0,0.0
-2,50700,AMETHYSTS,9996,1,9995.0,26.0,,,10004,1,10005.0,26.0,,,10000.0,0.0,[],0.0001,0.0001,0.0003,0.0,0.0
-2,50800,AMETHYSTS,9998,10,9995.0,30.0,,,10005,30,,,,,10001.5,0.0,[],-0.00014997750337449384,-0.00014997750337449384,-0.00014997750337449384,-0.00024996250562415637,-0.00014997750337449384
-2,50900,AMETHYSTS,9996,2,9995.0,24.0,,,10002,1,10004.0,2.0,10005.0,24.0,9999.0,0.0,"[('9996.0', '2')]",-0.00020002000200020003,0.00040004000400040005,0.00010001000100010001,0.00010001000100010001,0.00010001000100010001
-2,51000,AMETHYSTS,9996,2,9995.0,25.0,,,9998,1,10002.0,8.0,10004.0,2.0,9997.0,0.0,"[('9998.0', '1')]",0.00030009002700810244,0.0,0.00040012003601080324,0.00030009002700810244,0.0
-2,51100,AMETHYSTS,9996,1,9995.0,30.0,,,9998,7,10002.0,3.0,10004.0,1.0,9997.0,0.0,[],0.00020006001800540162,0.00030009002700810244,0.00030009002700810244,0.0006501950585175553,0.00045013504051215364
-2,51200,AMETHYSTS,9998,6,9996.0,2.0,9995.0,27.0,10004,2,10005.0,27.0,,,10001.0,0.0,[],0.0,-0.00039996000399960006,0.00019998000199980003,-0.00019998000199980003,9.999000099990002e-05
-2,51300,AMETHYSTS,9995,26,,,,,10005,26,,,,,10000.0,0.0,[],0.0,0.0002,-0.0003,0.0,0.0
-2,51400,AMETHYSTS,9996,2,9995.0,20.0,,,9998,1,10004.0,2.0,10005.0,20.0,9997.0,0.0,[],0.0006001800540162049,0.00030009002700810244,0.00030009002700810244,0.0006501950585175553,0.00015004501350405122
-2,51500,AMETHYSTS,9996,2,9995.0,29.0,,,10004,2,10005.0,29.0,,,10000.0,0.0,[],-0.0003,0.0,-0.00015,0.0,0.00015
-2,51600,AMETHYSTS,9996,2,9995.0,30.0,,,10002,1,10004.0,2.0,10005.0,30.0,9999.0,0.0,"[('10002.0', '1')]",0.00010001000100010001,0.00010001000100010001,0.00020002000200020003,-0.00025002500250025,0.00010001000100010001
-2,51700,AMETHYSTS,9998,3,9996.0,1.0,9995.0,20.0,10004,1,10005.0,20.0,,,10001.0,0.0,[],-0.00039996000399960006,0.00019998000199980003,-9.999000099990002e-05,-9.999000099990002e-05,-9.999000099990002e-05
-2,51800,AMETHYSTS,9996,1,9995.0,21.0,,,10004,1,10005.0,21.0,,,10000.0,0.0,[],0.0002,0.0,-0.0002,0.0001,0.0001
-2,51900,AMETHYSTS,10002,10,9996.0,1.0,9995.0,23.0,10004,1,10005.0,23.0,,,10003.0,0.0,"[('10002.0', '2')]",-0.00029991002699190244,-0.00029991002699190244,-0.00039988003598920324,-0.00029991002699190244,-0.00029991002699190244
-2,52000,AMETHYSTS,9996,1,9995.0,22.0,,,9998,2,10004.0,1.0,10005.0,22.0,9997.0,0.0,"[('9998.0', '2')]",0.00030009002700810244,0.00040012003601080324,0.00040012003601080324,0.00030009002700810244,0.0006501950585175553
-2,52100,AMETHYSTS,9996,1,9995.0,23.0,,,10004,1,10005.0,23.0,,,10000.0,0.0,[],0.0,0.0,0.0001,0.0,0.0001
-2,52200,AMETHYSTS,9996,2,9995.0,24.0,,,9998,1,10002.0,3.0,10004.0,2.0,9997.0,0.0,[],0.0006001800540162049,0.0006001800540162049,0.0,0.00030009002700810244,0.00015004501350405122
-2,52300,AMETHYSTS,10000,4,9996.0,1.0,9995.0,28.0,10004,1,10005.0,28.0,,,10002.0,0.0,[],-0.0001999600079984003,-0.0004999000199960008,-0.0004999000199960008,-0.0001999600079984003,-0.0001999600079984003
-2,52400,AMETHYSTS,9996,1,9995.0,20.0,,,10004,1,10005.0,20.0,,,10000.0,0.0,[],0.0,0.0,0.0,0.0,-0.0001
-2,52500,AMETHYSTS,9996,1,9995.0,30.0,,,10004,1,10005.0,30.0,,,10000.0,0.0,[],0.0001,-0.00015,-0.0003,-0.0001,0.0
-2,52600,AMETHYSTS,9996,1,9995.0,24.0,,,10004,1,10005.0,24.0,,,10000.0,0.0,[],0.0,0.0001,0.0,-0.0001,0.0
-2,52700,AMETHYSTS,10002,3,9996.0,1.0,9995.0,20.0,10004,1,10005.0,20.0,,,10003.0,0.0,"[('10002.0', '3')]",0.0,-0.00029991002699190244,-0.00029991002699190244,-0.00029991002699190244,-0.00029991002699190244
-2,52800,AMETHYSTS,9995,22,,,,,10005,22,,,,,10000.0,0.0,[],-0.0003,-0.0002,-0.0001,0.0,0.0
-2,52900,AMETHYSTS,9995,25,,,,,10005,25,,,,,10000.0,0.0,[],0.0,-0.0001,-0.0001,-0.0001,-0.0003
-2,53000,AMETHYSTS,9998,3,9996.0,1.0,9995.0,21.0,10004,1,10005.0,21.0,,,10001.0,0.0,"[('9998.0', '1')]",-0.00024997500249975,0.0,-0.00019998000199980003,-0.00029997000299970003,-9.999000099990002e-05
-2,53100,AMETHYSTS,9996,1,9995.0,22.0,,,10004,1,10005.0,22.0,,,10000.0,0.0,[],0.0001,0.0001,0.0,0.0,0.0
-2,53200,AMETHYSTS,10002,1,9996.0,2.0,9995.0,26.0,10004,2,10005.0,26.0,,,10003.0,0.0,"[('10002.0', '1')]",-0.00029991002699190244,-0.0005998200539838049,-0.00029991002699190244,-0.00019994001799460162,-0.00019994001799460162
-2,53300,AMETHYSTS,9996,2,9995.0,23.0,,,9998,2,10002.0,8.0,10004.0,2.0,9997.0,0.0,"[('9998.0', '2')]",0.00010003000900270081,0.0,0.00030009002700810244,-5.0015004501350405e-05,0.00030009002700810244
-2,53400,AMETHYSTS,9996,1,9995.0,27.0,,,10004,1,10005.0,27.0,,,10000.0,0.0,[],-0.0001,0.0,0.0,-0.0001,0.0001
-2,53500,AMETHYSTS,9995,21,,,,,10002,3,10005.0,21.0,,,9998.5,0.0,[],0.00025003750562584387,-0.00015002250337550632,0.00015002250337550632,-0.0002000300045006751,0.00015002250337550632
-2,53600,AMETHYSTS,9998,2,9996.0,2.0,9995.0,25.0,10004,2,10005.0,25.0,,,10001.0,0.0,"[('9998.0', '1')]",0.0,-9.999000099990002e-05,-9.999000099990002e-05,-9.999000099990002e-05,-9.999000099990002e-05
-2,53700,AMETHYSTS,9996,2,9995.0,21.0,,,10004,2,10005.0,21.0,,,10000.0,0.0,"[('10004.0', '2')]",-0.0003,0.0,0.0,-0.0003,0.0
-2,53800,AMETHYSTS,9996,1,9995.0,24.0,,,10000,6,10004.0,1.0,10005.0,24.0,9998.0,0.0,[],-0.00010002000400080016,0.00010002000400080016,0.00020004000800160032,0.00020004000800160032,0.0004500900180036007
-2,53900,AMETHYSTS,9996,1,9995.0,30.0,,,10002,9,10004.0,1.0,10005.0,30.0,9999.0,0.0,"[('10002.0', '1')]",0.00010001000100010001,0.0,0.00010001000100010001,0.00040004000400040005,0.00010001000100010001
-2,54000,AMETHYSTS,9998,3,9996.0,1.0,9995.0,30.0,10004,1,10005.0,30.0,,,10001.0,0.0,[],-0.00039996000399960006,-0.00019998000199980003,-9.999000099990002e-05,0.0,-9.999000099990002e-05
-2,54100,AMETHYSTS,9998,10,9996.0,1.0,9995.0,26.0,10004,1,10005.0,26.0,,,10001.0,0.0,[],-9.999000099990002e-05,-9.999000099990002e-05,-9.999000099990002e-05,0.0,0.00019998000199980003
-2,54200,AMETHYSTS,9996,2,9995.0,28.0,,,9998,1,10004.0,2.0,10005.0,28.0,9997.0,0.0,[],0.00030009002700810244,0.00030009002700810244,0.00030009002700810244,0.00030009002700810244,0.00020006001800540162
-2,54300,AMETHYSTS,9996,2,9995.0,22.0,,,9998,1,10004.0,2.0,10005.0,22.0,9997.0,0.0,"[('9998.0', '1')]",0.00020006001800540162,0.00030009002700810244,0.00020006001800540162,0.00040012003601080324,0.00030009002700810244
-2,54400,AMETHYSTS,9996,1,9995.0,29.0,,,10004,1,10005.0,29.0,,,10000.0,0.0,[],-0.0001,0.0,0.0,-0.00035,0.0002
-2,54500,AMETHYSTS,9996,2,9995.0,22.0,,,9998,1,10004.0,2.0,10005.0,22.0,9997.0,0.0,[],0.00020006001800540162,0.00030009002700810244,0.00040012003601080324,0.00030009002700810244,0.00030009002700810244
-2,54600,AMETHYSTS,9996,1,9995.0,24.0,,,10004,1,10005.0,24.0,,,10000.0,0.0,"[('9996.0', '1'), ('9996.0', '5')]",0.0,0.0,0.0,0.0003,0.0
-2,54700,AMETHYSTS,9996,1,9995.0,24.0,,,10004,1,10005.0,24.0,,,10000.0,0.0,[],0.0,0.0,0.0003,0.0001,-0.0001
-2,54800,AMETHYSTS,9996,2,9995.0,29.0,,,10002,5,10004.0,2.0,10005.0,29.0,9999.0,0.0,[],0.00010001000100010001,0.00010001000100010001,0.00020002000200020003,0.00040004000400040005,0.00010001000100010001
-2,54900,AMETHYSTS,9996,1,9995.0,24.0,,,10002,1,10004.0,1.0,10005.0,24.0,9999.0,0.0,"[('10002.0', '3')]",0.00010001000100010001,0.00010001000100010001,0.00010001000100010001,0.00045004500450045,0.00045004500450045
-2,55000,AMETHYSTS,9998,4,9996.0,1.0,9995.0,23.0,10000,3,10004.0,1.0,10005.0,23.0,9999.0,0.0,[],0.00010001000100010001,0.00010001000100010001,0.00010001000100010001,0.00010001000100010001,0.00010001000100010001
-2,55100,AMETHYSTS,9995,21,,,,,10005,21,,,,,10000.0,0.0,[],0.0,0.0,0.00035,-0.00015,0.0
-2,55200,AMETHYSTS,9996,1,9995.0,20.0,,,10004,1,10005.0,20.0,,,10000.0,0.0,[],0.0,0.0,0.00035,0.0,0.0
-2,55300,AMETHYSTS,9995,29,,,,,10005,29,,,,,10000.0,0.0,[],0.0,-0.0001,0.00035,0.0002,-0.00015
-2,55400,AMETHYSTS,9996,1,9995.0,27.0,,,10004,1,10005.0,27.0,,,10000.0,0.0,[],0.0,0.0,-0.0001,0.00035,0.0
-2,55500,AMETHYSTS,9996,2,9995.0,29.0,,,10004,2,10005.0,29.0,,,10000.0,0.0,[],0.0,0.0001,0.0,-0.0003,0.0
-2,55600,AMETHYSTS,9995,29,,,,,10005,29,,,,,10000.0,0.0,[],0.0,0.0,0.0,0.0,0.0002
-2,55700,AMETHYSTS,9995,21,,,,,10005,21,,,,,10000.0,0.0,[],0.0,0.0003,0.0003,0.0,0.0003
-2,55800,AMETHYSTS,9996,2,9995.0,20.0,,,10004,2,10005.0,20.0,,,10000.0,0.0,[],-0.0001,0.0001,0.0,0.0,0.0001
-2,55900,AMETHYSTS,9996,1,9995.0,26.0,,,10004,1,10005.0,26.0,,,10000.0,0.0,[],0.0,0.0,0.0,-0.00035,0.0
-2,56000,AMETHYSTS,9995,29,,,,,10005,29,,,,,10000.0,0.0,[],0.0001,0.0,0.0002,0.0001,-0.0001
-2,56100,AMETHYSTS,9996,1,9995.0,22.0,,,10004,1,10005.0,22.0,,,10000.0,0.0,"[('10004.0', '1')]",0.0,0.00035,0.0001,0.0,-0.0001
-2,56200,AMETHYSTS,9995,23,,,,,10005,23,,,,,10000.0,0.0,[],0.0003,0.00035,0.0001,0.0,0.00015
-2,56300,AMETHYSTS,9996,2,9995.0,29.0,,,10002,4,10004.0,2.0,10005.0,29.0,9999.0,0.0,[],0.00020002000200020003,0.00045004500450045,0.00010001000100010001,0.00020002000200020003,-0.00025002500250025
-2,56400,AMETHYSTS,9996,1,9995.0,24.0,,,10004,1,10005.0,24.0,,,10000.0,0.0,[],0.0,-0.0001,0.0,-0.00015,-0.0002
-2,56500,AMETHYSTS,9998,9,9996.0,2.0,9995.0,20.0,10004,2,10005.0,20.0,,,10001.0,0.0,"[('9998.0', '1')]",-9.999000099990002e-05,-9.999000099990002e-05,0.0,4.999500049995001e-05,-9.999000099990002e-05
-2,56600,AMETHYSTS,9996,2,9995.0,26.0,,,10004,2,10005.0,26.0,,,10000.0,0.0,[],0.00035,0.0,-0.00035,0.0001,0.0001
-2,56700,AMETHYSTS,10002,1,9996.0,2.0,9995.0,20.0,10004,2,10005.0,20.0,,,10003.0,0.0,"[('10002.0', '1')]",4.9985004498650404e-05,0.0,-0.00029991002699190244,-0.0006498050584824553,-0.00019994001799460162
-2,56800,AMETHYSTS,9998,4,9996.0,2.0,9995.0,23.0,10004,2,10005.0,23.0,,,10001.0,0.0,[],0.00024997500249975,-9.999000099990002e-05,-0.00019998000199980003,-0.00039996000399960006,-9.999000099990002e-05
-2,56900,AMETHYSTS,9996,1,9995.0,20.0,,,10004,1,10005.0,20.0,,,10000.0,0.0,[],-0.0001,0.0,0.0,-0.0002,0.0001
-2,57000,AMETHYSTS,9996,2,9995.0,30.0,,,10004,2,10005.0,30.0,,,10000.0,0.0,"[('10004.0', '1')]",0.0,0.0002,0.0,0.0,-0.00015
-2,57100,AMETHYSTS,10002,1,9995.0,24.0,,,10005,24,,,,,10003.5,0.0,"[('10002.0', '1')]",-0.000349877542859999,-0.000249912530614285,-0.000349877542859999,-0.00049982506122857,-0.000249912530614285
-2,57200,AMETHYSTS,10002,1,9995.0,24.0,,,10005,24,,,,,10003.5,0.0,"[('10002.0', '1')]",-4.9982506122857e-05,-0.000249912530614285,-0.000349877542859999,-0.000449842555105713,-0.000349877542859999
-2,57300,AMETHYSTS,10002,1,9995.0,21.0,,,10005,21,,,,,10003.5,0.0,"[('10002.0', '1')]",-0.000349877542859999,-0.000349877542859999,-0.000649772579597141,-0.000349877542859999,-0.000349877542859999
-2,57400,AMETHYSTS,9996,2,9995.0,23.0,,,10002,4,10004.0,2.0,10005.0,23.0,9999.0,0.0,[],0.00010001000100010001,0.00010001000100010001,0.00040004000400040005,0.00010001000100010001,0.0
-2,57500,AMETHYSTS,9996,2,9995.0,23.0,,,10004,2,10005.0,23.0,,,10000.0,0.0,[],0.0002,0.0001,0.0,-0.0001,0.00015
-2,57600,AMETHYSTS,9996,2,9995.0,30.0,,,10004,2,10005.0,30.0,,,10000.0,0.0,[],0.0001,-0.00035,0.0001,0.0,0.0002
-2,57700,AMETHYSTS,10002,2,9996.0,1.0,9995.0,25.0,10004,1,10005.0,25.0,,,10003.0,0.0,"[('10002.0', '2')]",-0.00019994001799460162,-0.00029991002699190244,0.0,-0.00029991002699190244,-0.00019994001799460162
-2,57800,AMETHYSTS,9995,29,,,,,10005,29,,,,,10000.0,0.0,[],0.0,-0.0001,-0.0002,0.0,0.0
-2,57900,AMETHYSTS,9996,2,9995.0,28.0,,,10004,2,10005.0,28.0,,,10000.0,0.0,[],0.0,0.0,0.0,0.0001,0.0
-2,58000,AMETHYSTS,10000,3,9996.0,1.0,9995.0,22.0,10004,1,10005.0,22.0,,,10002.0,0.0,[],-9.998000399920016e-05,-0.0001999600079984003,-0.0001999600079984003,0.00014997000599880023,9.998000399920016e-05
-2,58100,AMETHYSTS,9998,6,9996.0,1.0,9995.0,27.0,10004,1,10005.0,27.0,,,10001.0,0.0,[],-0.00044995500449955,-9.999000099990002e-05,-0.00039996000399960006,-0.00019998000199980003,-9.999000099990002e-05
-2,58200,AMETHYSTS,9998,9,9996.0,1.0,9995.0,25.0,10004,1,10005.0,25.0,,,10001.0,0.0,[],-9.999000099990002e-05,-9.999000099990002e-05,-9.999000099990002e-05,4.999500049995001e-05,-0.00044995500449955
-2,58300,AMETHYSTS,9995,22,,,,,10005,22,,,,,10000.0,0.0,[],-0.0001,-0.0003,0.0,0.0,0.0
-2,58400,AMETHYSTS,9996,1,9995.0,28.0,,,10004,1,10005.0,28.0,,,10000.0,0.0,"[('9996.0', '1')]",0.0,0.0003,0.0,0.0,0.0001
-2,58500,AMETHYSTS,9998,1,9996.0,2.0,9995.0,21.0,10004,2,10005.0,21.0,,,10001.0,0.0,[],-9.999000099990002e-05,-9.999000099990002e-05,-0.00039996000399960006,0.00019998000199980003,0.00019998000199980003
-2,58600,AMETHYSTS,9995,29,,,,,9998,1,10002.0,10.0,10005.0,29.0,9996.5,0.0,"[('9998.0', '1')]",0.0003501225428900115,0.0004501575551443005,0.0003501225428900115,0.0003501225428900115,0.000200070024508578
-2,58700,AMETHYSTS,9996,2,9995.0,28.0,,,10004,2,10005.0,28.0,,,10000.0,0.0,[],0.0,0.0003,0.0,0.0,0.0
-2,58800,AMETHYSTS,9996,1,9995.0,21.0,,,10002,10,10004.0,1.0,10005.0,21.0,9999.0,0.0,[],-0.00020002000200020003,-0.00010001000100010001,0.0,0.0,0.00010001000100010001
-2,58900,AMETHYSTS,9996,1,9995.0,25.0,,,10004,1,10005.0,25.0,,,10000.0,0.0,[],0.0003,0.0,0.0,0.00035,0.0
-2,59000,AMETHYSTS,9995,22,,,,,10005,22,,,,,10000.0,0.0,[],0.0,0.0,0.0,0.0,0.0
-2,59100,AMETHYSTS,9996,2,9995.0,26.0,,,10004,2,10005.0,26.0,,,10000.0,0.0,[],0.0001,-0.0003,0.00035,0.0,0.00025
-2,59200,AMETHYSTS,9995,24,,,,,10005,24,,,,,10000.0,0.0,[],0.0003,0.0,-0.0001,0.0,-0.0001
-2,59300,AMETHYSTS,9996,1,9995.0,23.0,,,9998,1,10004.0,1.0,10005.0,23.0,9997.0,0.0,[],0.00010003000900270081,0.00030009002700810244,0.00030009002700810244,0.00030009002700810244,0.00030009002700810244
-2,59400,AMETHYSTS,10002,1,9996.0,2.0,9995.0,27.0,10004,2,10005.0,27.0,,,10003.0,0.0,[],-0.00029991002699190244,-0.00029991002699190244,4.9985004498650404e-05,-0.00019994001799460162,4.9985004498650404e-05
-2,59500,AMETHYSTS,9995,26,,,,,10005,26,,,,,10000.0,0.0,"[('10005.0', '4')]",0.0,-0.0003,0.0,-0.00015,0.0003
-2,59600,AMETHYSTS,9998,4,9996.0,1.0,9995.0,27.0,10004,1,10005.0,27.0,,,10001.0,0.0,[],-0.00039996000399960006,-9.999000099990002e-05,-0.00044995500449955,-9.999000099990002e-05,-9.999000099990002e-05
-2,59700,AMETHYSTS,10002,1,9996.0,1.0,9995.0,20.0,10004,1,10005.0,20.0,,,10003.0,0.0,"[('10002.0', '6')]",-0.00029991002699190244,-0.00029991002699190244,-0.00029991002699190244,-0.00029991002699190244,-0.00029991002699190244
-2,59800,AMETHYSTS,9996,2,9995.0,22.0,,,10000,5,10004.0,2.0,10005.0,22.0,9998.0,0.0,[],0.00020004000800160032,0.00010002000400080016,0.0003000600120024005,0.00020004000800160032,0.00020004000800160032
-2,59900,AMETHYSTS,9996,1,9995.0,22.0,,,10004,1,10005.0,22.0,,,10000.0,0.0,[],0.0,0.0,0.0,0.00015,0.0001
-2,60000,AMETHYSTS,9995,26,,,,,10005,26,,,,,10000.0,0.0,[],-0.0003,0.0,0.0,0.0001,0.00035
-2,60100,AMETHYSTS,9996,1,9995.0,23.0,,,9998,1,10004.0,1.0,10005.0,23.0,9997.0,0.0,[],0.00030009002700810244,0.0006501950585175553,0.00030009002700810244,0.00020006001800540162,0.00020006001800540162
-2,60200,AMETHYSTS,9996,1,9995.0,23.0,,,10004,1,10005.0,23.0,,,10000.0,0.0,"[('9996.0', '1'), ('9996.0', '1')]",0.0,-0.0001,0.0,-0.0001,0.0
-2,60300,AMETHYSTS,9996,2,9995.0,26.0,,,10004,2,10005.0,26.0,,,10000.0,0.0,"[('9996.0', '6'), ('9996.0', '2')]",-0.0001,0.0,0.0,0.0,0.0003
-2,60400,AMETHYSTS,9996,2,9995.0,20.0,,,10004,2,10005.0,20.0,,,10000.0,0.0,"[('9998.0', '1')]",0.0,0.00035,0.0,-0.0001,-0.00025
-2,60500,AMETHYSTS,9996,1,9995.0,29.0,,,9998,1,10004.0,1.0,10005.0,29.0,9997.0,0.0,"[('9998.0', '1')]",0.00030009002700810244,0.00030009002700810244,0.00020006001800540162,0.00030009002700810244,0.00020006001800540162
-2,60600,AMETHYSTS,9996,1,9995.0,26.0,,,10004,1,10005.0,26.0,,,10000.0,0.0,[],0.00035,-0.00035,-0.0001,0.0,0.0001
-2,60700,AMETHYSTS,9996,1,9995.0,26.0,,,10004,1,10005.0,26.0,,,10000.0,0.0,[],-0.0001,0.0,0.0,0.0,0.0
-2,60800,AMETHYSTS,9996,1,9995.0,20.0,,,10002,6,10004.0,1.0,10005.0,20.0,9999.0,0.0,[],0.00010001000100010001,0.00020002000200020003,0.00010001000100010001,0.00010001000100010001,-5.000500050005001e-05
-2,60900,AMETHYSTS,9996,1,9995.0,21.0,,,10004,1,10005.0,21.0,,,10000.0,0.0,[],0.00035,0.0,-0.0001,0.0,0.0
-2,61000,AMETHYSTS,9995,22,,,,,10005,22,,,,,10000.0,0.0,[],0.0,0.0,-0.0002,-0.0003,0.0
-2,61100,AMETHYSTS,10002,1,9995.0,29.0,,,10005,29,,,,,10003.5,0.0,"[('10002.0', '1'), ('10005.0', '2')]",-0.000699755085719998,-0.000349877542859999,-0.000349877542859999,-0.000199930024491428,-0.000449842555105713
-2,61200,AMETHYSTS,9996,1,9995.0,29.0,,,10002,4,10004.0,1.0,10005.0,29.0,9999.0,0.0,[],0.00010001000100010001,0.00010001000100010001,0.00020002000200020003,0.00030003000300030005,0.0
-2,61300,AMETHYSTS,9996,2,9995.0,25.0,,,10004,2,10005.0,25.0,,,10000.0,0.0,[],0.0001,0.0,-0.00035,0.0,-0.0003
-2,61400,AMETHYSTS,10002,5,9995.0,29.0,,,10005,29,,,,,10003.5,0.0,[],-0.000349877542859999,-0.000349877542859999,-0.000449842555105713,-0.00049982506122857,-4.9982506122857e-05
-2,61500,AMETHYSTS,9995,21,,,,,10005,21,,,,,10000.0,0.0,[],0.0,-0.0001,-0.00035,0.00015,0.00015
-2,61600,AMETHYSTS,9995,27,,,,,9998,3,10002.0,2.0,10005.0,27.0,9996.5,0.0,[],0.0003501225428900115,0.0002500875306357225,0.0003501225428900115,0.0003501225428900115,0.000500175061271445
-2,61700,AMETHYSTS,9995,30,,,,,10005,30,,,,,10000.0,0.0,[],0.0,0.0,-0.0003,0.0,-0.0001
-2,61800,AMETHYSTS,9998,7,9996.0,1.0,9995.0,25.0,10004,1,10005.0,25.0,,,10001.0,0.0,[],-9.999000099990002e-05,-9.999000099990002e-05,-9.999000099990002e-05,0.0,0.0
-2,61900,AMETHYSTS,9996,2,9995.0,20.0,,,10004,2,10005.0,20.0,,,10000.0,0.0,[],0.0,-0.0001,0.0003,0.0,-0.0002
-2,62000,AMETHYSTS,9996,1,9995.0,20.0,,,10004,1,10005.0,20.0,,,10000.0,0.0,[],-0.0001,-0.0002,0.0001,0.00035,0.0
-2,62100,AMETHYSTS,9995,22,,,,,10005,22,,,,,10000.0,0.0,[],-0.0001,0.0,0.0001,0.0001,0.0
-2,62200,AMETHYSTS,9996,2,9995.0,27.0,,,10004,2,10005.0,27.0,,,10000.0,0.0,[],0.0,0.0001,0.0,-0.00015,0.0
-2,62300,AMETHYSTS,9996,1,9995.0,24.0,,,10004,1,10005.0,24.0,,,10000.0,0.0,"[('10004.0', '1')]",0.0,-0.00035,0.0001,0.0,0.0
-2,62400,AMETHYSTS,9996,2,9995.0,24.0,,,10004,2,10005.0,24.0,,,10000.0,0.0,[],-0.0001,-0.0001,-0.00035,-0.0001,0.0
-2,62500,AMETHYSTS,9996,2,9995.0,26.0,,,10002,2,10004.0,2.0,10005.0,26.0,9999.0,0.0,[],-0.00010001000100010001,-0.00025002500250025,0.00010001000100010001,0.00010001000100010001,0.00010001000100010001
-2,62600,AMETHYSTS,9996,2,9995.0,27.0,,,10002,10,10004.0,2.0,10005.0,27.0,9999.0,0.0,[],0.00010001000100010001,0.00010001000100010001,0.00040004000400040005,0.00010001000100010001,0.00020002000200020003
-2,62700,AMETHYSTS,9996,2,9995.0,23.0,,,10004,2,10005.0,23.0,,,10000.0,0.0,[],0.0001,-0.0003,0.0001,0.0,0.0003
-2,62800,AMETHYSTS,9996,1,9995.0,22.0,,,10004,1,10005.0,22.0,,,10000.0,0.0,[],-0.00035,0.0,0.0003,0.0,0.0
-2,62900,AMETHYSTS,9996,1,9995.0,28.0,,,10002,10,10004.0,1.0,10005.0,28.0,9999.0,0.0,[],0.0,0.00040004000400040005,0.00045004500450045,-0.00020002000200020003,0.0
-2,63000,AMETHYSTS,9996,1,9995.0,22.0,,,10000,6,10004.0,1.0,10005.0,22.0,9998.0,0.0,[],-0.00015003000600120024,0.0003000600120024005,0.00020004000800160032,0.00020004000800160032,0.00020004000800160032
-2,63100,AMETHYSTS,9995,24,,,,,10005,24,,,,,10000.0,0.0,[],0.0,0.0001,-0.00015,0.0,0.0
-2,63200,AMETHYSTS,9998,6,9996.0,2.0,9995.0,26.0,10004,2,10005.0,26.0,,,10001.0,0.0,"[('9998.0', '1')]",-0.00039996000399960006,-9.999000099990002e-05,-9.999000099990002e-05,0.0,-9.999000099990002e-05
-2,63300,AMETHYSTS,9995,23,,,,,9998,1,10005.0,23.0,,,9996.5,0.0,"[('9998.0', '1')]",0.0003501225428900115,0.0004501575551443005,0.0005501925673985895,0.0003501225428900115,0.0003501225428900115
-2,63400,AMETHYSTS,9996,1,9995.0,21.0,,,10002,5,10004.0,1.0,10005.0,21.0,9999.0,0.0,[],0.00040004000400040005,-0.00025002500250025,0.00045004500450045,0.00020002000200020003,0.00010001000100010001
-2,63500,AMETHYSTS,9995,22,,,,,9998,6,10005.0,22.0,,,9996.5,0.0,"[('9998.0', '6')]",0.0004501575551443005,0.0003501225428900115,5.00175061271445e-05,0.0003501225428900115,0.0002500875306357225
-2,63600,AMETHYSTS,9996,2,9995.0,20.0,,,10004,2,10005.0,20.0,,,10000.0,0.0,[],0.0001,0.0003,0.0,0.0,0.0
-2,63700,AMETHYSTS,9996,1,9995.0,30.0,,,9998,1,10004.0,1.0,10005.0,30.0,9997.0,0.0,"[('9996.0', '1')]",0.00030009002700810244,0.00040012003601080324,0.00030009002700810244,0.00030009002700810244,0.00030009002700810244
-2,63800,AMETHYSTS,9996,1,9995.0,20.0,,,10004,1,10005.0,20.0,,,10000.0,0.0,[],0.0001,0.0003,0.0,0.00025,0.0
-2,63900,AMETHYSTS,10002,5,9998.0,8.0,9996.0,2.0,10004,2,10005.0,25.0,,,10003.0,0.0,[],-0.0006498050584824553,4.9985004498650404e-05,-0.0006498050584824553,-0.00029991002699190244,-0.00029991002699190244
-2,64000,AMETHYSTS,9998,7,9996.0,1.0,9995.0,28.0,10004,1,10005.0,28.0,,,10001.0,0.0,[],-9.999000099990002e-05,-9.999000099990002e-05,0.0,-9.999000099990002e-05,-9.999000099990002e-05
-2,64100,AMETHYSTS,9998,10,9996.0,2.0,9995.0,30.0,10004,2,10005.0,30.0,,,10001.0,0.0,[],0.00019998000199980003,-0.00024997500249975,-9.999000099990002e-05,0.00019998000199980003,-9.999000099990002e-05
-2,64200,AMETHYSTS,9995,22,,,,,10005,22,,,,,10000.0,0.0,"[('9995.0', '2')]",0.0001,0.0,0.0,-0.0001,-0.0001
-2,64300,AMETHYSTS,9998,8,9996.0,1.0,9995.0,28.0,10004,1,10005.0,28.0,,,10001.0,0.0,[],0.00019998000199980003,9.999000099990002e-05,0.0,-9.999000099990002e-05,-9.999000099990002e-05
-2,64400,AMETHYSTS,9995,24,,,,,9998,9,10002.0,7.0,10005.0,24.0,9996.5,0.0,[],0.000700245085780023,0.000700245085780023,0.000200070024508578,0.0005501925673985895,0.0002500875306357225
-2,64500,AMETHYSTS,9995,26,,,,,10005,26,,,,,10000.0,0.0,"[('10005.0', '2'), ('10002.0', '1')]",0.0,-0.0003,0.00015,0.0,-0.0001
-2,64600,AMETHYSTS,10002,1,9996.0,2.0,9995.0,23.0,10004,2,10005.0,23.0,,,10003.0,0.0,[],-0.00044986504048785366,-0.00029991002699190244,-0.00019994001799460162,-0.00029991002699190244,-0.00029991002699190244
-2,64700,AMETHYSTS,9998,10,9996.0,1.0,9995.0,28.0,10004,1,10005.0,28.0,,,10001.0,0.0,[],-9.999000099990002e-05,-9.999000099990002e-05,-0.00044995500449955,-0.00019998000199980003,-9.999000099990002e-05
-2,64800,AMETHYSTS,10002,1,9996.0,2.0,9995.0,25.0,10004,2,10005.0,25.0,,,10003.0,0.0,[],-9.997000899730081e-05,-0.00029991002699190244,-0.0005998200539838049,-0.00029991002699190244,-0.00029991002699190244
-2,64900,AMETHYSTS,10002,1,9998.0,6.0,9995.0,29.0,10005,29,,,,,10003.5,0.0,"[('10005.0', '2')]",0.0,-0.000699755085719998,-0.000549807567351427,0.0,-0.000349877542859999
-2,65000,AMETHYSTS,9996,1,9995.0,21.0,,,10004,1,10005.0,21.0,,,10000.0,0.0,[],-0.0003,0.0001,0.0,0.0,-0.00035
-2,65100,AMETHYSTS,9995,26,,,,,10002,6,10005.0,26.0,,,9998.5,0.0,[],0.00015002250337550632,0.00015002250337550632,0.0,0.00015002250337550632,5.000750112516878e-05
-2,65200,AMETHYSTS,9996,2,9995.0,29.0,,,10004,2,10005.0,29.0,,,10000.0,0.0,[],0.0,0.0,-0.0001,0.0,-0.0001
-2,65300,AMETHYSTS,10000,4,9996.0,1.0,9995.0,22.0,10004,1,10005.0,22.0,,,10002.0,0.0,"[('9998.0', '1'), ('10000.0', '2')]",-0.0001999600079984003,-9.998000399920016e-05,-0.0001999600079984003,-0.00034993001399720057,-0.00029994001199760045
-2,65400,AMETHYSTS,10002,1,9995.0,20.0,,,10005,20,,,,,10003.5,0.0,[],-0.000699755085719998,-0.00049982506122857,-0.000349877542859999,-0.000349877542859999,-0.000249912530614285
-2,65500,AMETHYSTS,9996,1,9995.0,21.0,,,9998,1,10004.0,1.0,10005.0,21.0,9997.0,0.0,"[('9998.0', '1')]",0.00040012003601080324,0.00045013504051215364,0.00020006001800540162,0.00030009002700810244,0.00030009002700810244
-2,65600,AMETHYSTS,9995,30,,,,,10005,30,,,,,10000.0,0.0,"[('9995.0', '1')]",0.0,0.0001,0.0,0.0002,0.0
-2,65700,AMETHYSTS,9995,26,,,,,10005,26,,,,,10000.0,0.0,[],0.0,-0.00035,0.0,0.0003,0.0
-2,65800,AMETHYSTS,9996,2,9995.0,28.0,,,10004,2,10005.0,28.0,,,10000.0,0.0,"[('9996.0', '1')]",0.0001,-0.0003,0.0,0.0001,0.0001
-2,65900,AMETHYSTS,9995,25,,,,,9998,1,10005.0,25.0,,,9996.5,0.0,"[('9998.0', '1')]",0.000200070024508578,0.0001500525183814335,0.0004501575551443005,0.0003501225428900115,0.0004501575551443005
-2,66000,AMETHYSTS,9998,7,9996.0,1.0,9995.0,27.0,10004,1,10005.0,27.0,,,10001.0,0.0,"[('9998.0', '1')]",4.999500049995001e-05,-9.999000099990002e-05,0.00024997500249975,-0.00019998000199980003,-0.00019998000199980003
-2,66100,AMETHYSTS,9996,1,9995.0,24.0,,,10004,1,10005.0,24.0,,,10000.0,0.0,[],0.0001,-0.00015,-0.0001,-0.0001,0.00015
-2,66200,AMETHYSTS,9995,24,,,,,10005,24,,,,,10000.0,0.0,[],-0.00035,-0.0001,0.00015,0.00015,0.0
-2,66300,AMETHYSTS,9998,1,9996.0,1.0,9995.0,26.0,10004,1,10005.0,26.0,,,10001.0,0.0,[],-0.00039996000399960006,-9.999000099990002e-05,-9.999000099990002e-05,-0.00044995500449955,-0.00039996000399960006
-2,66400,AMETHYSTS,9995,25,,,,,10002,9,10005.0,25.0,,,9998.5,0.0,[],-5.000750112516878e-05,0.00015002250337550632,0.00015002250337550632,-5.000750112516878e-05,0.00015002250337550632
-2,66500,AMETHYSTS,9998,7,9995.0,24.0,,,10005,24,,,,,10001.5,0.0,[],-0.00014997750337449384,-0.00024996250562415637,0.00014997750337449384,-0.00014997750337449384,0.00014997750337449384
-2,66600,AMETHYSTS,9998,7,9996.0,1.0,9995.0,30.0,10004,1,10005.0,30.0,,,10001.0,0.0,[],-0.00024997500249975,-9.999000099990002e-05,-9.999000099990002e-05,0.0,-0.00024997500249975
-2,66700,AMETHYSTS,9995,21,,,,,9998,2,10005.0,21.0,,,9996.5,0.0,"[('9998.0', '2')]",0.0002500875306357225,0.0003501225428900115,0.0003501225428900115,0.0004501575551443005,0.0003501225428900115
-2,66800,AMETHYSTS,9996,1,9995.0,28.0,,,9998,1,10004.0,1.0,10005.0,28.0,9997.0,0.0,[],0.00030009002700810244,0.00030009002700810244,0.00020006001800540162,0.00030009002700810244,0.00015004501350405122
-2,66900,AMETHYSTS,9996,1,9995.0,29.0,,,10000,4,10004.0,1.0,10005.0,29.0,9998.0,0.0,[],0.00020004000800160032,0.0003000600120024005,0.0005501100220044008,0.0003000600120024005,0.00010002000400080016
-2,67000,AMETHYSTS,9996,1,9995.0,21.0,,,10004,1,10005.0,21.0,,,10000.0,0.0,[],-0.0001,0.00035,0.0,-0.00015,0.0
-2,67100,AMETHYSTS,9995,29,,,,,10002,3,10005.0,29.0,,,9998.5,0.0,[],0.00015002250337550632,5.000750112516878e-05,0.00015002250337550632,0.00025003750562584387,0.00015002250337550632
-2,67200,AMETHYSTS,9996,1,9995.0,23.0,,,10002,8,10004.0,1.0,10005.0,23.0,9999.0,0.0,[],0.00010001000100010001,0.00025002500250025,0.00010001000100010001,0.00010001000100010001,0.00025002500250025
-2,67300,AMETHYSTS,9995,26,,,,,10005,26,,,,,10000.0,0.0,[],0.0,0.0,0.0,0.0,-0.00015
