day,timestamp,product,bid_price_1,bid_volume_1,bid_price_2,bid_volume_2,bid_price_3,bid_volume_3,ask_price_1,ask_volume_1,ask_price_2,ask_volume_2,ask_price_3,ask_volume_3,mid_price,profit_and_loss,trades,ret_5,ret_10,ret_20,ret_100,ret_200
-1,0,AMETHYSTS,10002,1,9996.0,2.0,9995.0,29.0,10004,2,10005.0,29.0,,,10003.0,0.0,"[('10004.0', '1')]",-0.00044986504048785366,-0.00029991002699190244,-0.0005998200539838049,-0.00029991002699190244,-0.00044986504048785366
-1,100,AMETHYSTS,9996,2,9995.0,22.0,,,10004,2,10005.0,22.0,,,10000.0,0.0,[],0.00025,0.0,-0.0001,-0.0001,0.0003
-1,200,AMETHYSTS,9995,20,,,,,10005,20,,,,,10000.0,0.0,[],0.0,-0.00035,0.0001,0.0,-0.00035
-1,300,AMETHYSTS,9996,2,9995.0,29.0,,,10004,2,10005.0,29.0,,,10000.0,0.0,[],0.0,0.0003,0.0001,0.00015,0.0
-1,400,AMETHYSTS,9996,2,9995.0,25.0,,,10004,2,10005.0,25.0,,,10000.0,0.0,[],0.0,0.0,0.0,0.0003,-0.0002
-1,500,AMETHYSTS,9995,30,,,,,10002,4,10005.0,30.0,,,9998.5,0.0,[],0.00015002250337550632,0.00015002250337550632,0.00015002250337550632,0.00025003750562584387,0.00035005250787618143
-1,600,AMETHYSTS,10000,5,9995.0,25.0,,,10005,25,,,,,10002.5,0.0,[],-0.00024993751562109475,-0.00024993751562109475,-0.00024993751562109475,-0.0004498875281179705,-0.00024993751562109475
-1,700,AMETHYSTS,9995,23,,,,,10005,23,,,,,10000.0,0.0,[],-0.00035,-0.0001,0.00015,0.00015,0.00035
-1,800,AMETHYSTS,9996,1,9995.0,29.0,,,10004,1,10005.0,29.0,,,10000.0,0.0,[],0.0003,0.0003,0.0,0.0001,0.0
-1,900,AMETHYSTS,9996,1,9995.0,22.0,,,10004,1,10005.0,22.0,,,10000.0,0.0,[],0.0,0.0,0.0,0.0,0.0
-1,1000,AMETHYSTS,9995,26,,,,,10005,26,,,,,10000.0,0.0,[],0.0,-0.0003,0.00015,-0.00015,0.0
-1,1100,AMETHYSTS,9996,2,9995.0,24.0,,,10004,2,10005.0,24.0,,,10000.0,0.0,"[('9996.0', '2')]",0.0,-0.0001,0.0,0.00015,0.0
-1,1200,AMETHYSTS,9995,21,,,,,9998,1,10005.0,21.0,,,9996.5,0.0,[],0.0002500875306357225,0.0004501575551443005,0.0003501225428900115,0.0002500875306357225,0.0
-1,1300,AMETHYSTS,10002,1,9996.0,1.0,9995.0,30.0,10004,1,10005.0,30.0,,,10003.0,0.0,[],0.0,-0.00019994001799460162,-0.00029991002699190244,-0.00029991002699190244,-0.00039988003598920324
-1,1400,AMETHYSTS,9996,1,9995.0,25.0,,,10004,1,10005.0,25.0,,,10000.0,0.0,[],0.0,0.0,0.0,0.0,0.0
-1,1500,AMETHYSTS,9995,27,,,,,10005,27,,,,,10000.0,0.0,[],-0.0003,0.0,0.0,-0.0001,0.0
-1,1600,AMETHYSTS,9995,29,,,,,10005,29,,,,,10000.0,0.0,[],-0.0001,0.0,-0.00035,-0.0001,0.0003
-1,1700,AMETHYSTS,9996,2,9995.0,20.0,,,10002,1,10004.0,2.0,10005.0,20.0,9999.0,0.0,"[('10002.0', '1')]",0.00020002000200020003,0.00025002500250025,0.00040004000400040005,0.00010001000100010001,0.00020002000200020003
-1,1800,AMETHYSTS,10002,1,9996.0,1.0,9995.0,22.0,10004,1,10005.0,22.0,,,10003.0,0.0,"[('10002.0', '1')]",-0.00019994001799460162,-0.00029991002699190244,-0.00039988003598920324,-0.00039988003598920324,-0.00029991002699190244
-1,1900,AMETHYSTS,9996,1,9995.0,28.0,,,10004,1,10005.0,28.0,,,10000.0,0.0,[],0.0,0.0,0.0001,0.0,0.0003
-1,2000,AMETHYSTS,9996,2,9995.0,24.0,,,9998,1,10004.0,2.0,10005.0,24.0,9997.0,0.0,"[('9998.0', '1')]",0.00030009002700810244,0.00045013504051215364,0.00030009002700810244,0.0006501950585175553,0.00030009002700810244
-1,2100,AMETHYSTS,9996,2,9995.0,25.0,,,10002,3,10004.0,2.0,10005.0,25.0,9999.0,0.0,[],0.00010001000100010001,0.00010001000100010001,0.00010001000100010001,0.00010001000100010001,0.0
-1,2200,AMETHYSTS,9998,8,9996.0,1.0,9995.0,24.0,10004,1,10005.0,24.0,,,10001.0,0.0,[],4.999500049995001e-05,-9.999000099990002e-05,-0.00019998000199980003,-9.999000099990002e-05,0.0
-1,2300,AMETHYSTS,9998,7,9996.0,2.0,9995.0,30.0,10004,2,10005.0,30.0,,,10001.0,0.0,[],-9.999000099990002e-05,-9.999000099990002e-05,-0.00044995500449955,0.0,-9.999000099990002e-05
-1,2400,AMETHYSTS,9995,29,,,,,10005,29,,,,,10000.0,0.0,[],0.0,0.0,0.0,0.0,-0.0003
-1,2500,AMETHYSTS,9996,1,9995.0,22.0,,,10004,1,10005.0,22.0,,,10000.0,0.0,[],0.00015,0.0,-0.0001,0.0,0.0
-1,2600,AMETHYSTS,9995,23,,,,,10005,23,,,,,10000.0,0.0,[],0.0,-0.00035,-0.0001,0.0,0.0002
-1,2700,AMETHYSTS,9998,6,9995.0,26.0,,,10005,26,,,,,10001.5,0.0,[],-0.00014997750337449384,0.00014997750337449384,-0.00014997750337449384,-0.00014997750337449384,-0.00014997750337449384
-1,2800,AMETHYSTS,9995,25,,,,,10005,25,,,,,10000.0,0.0,[],0.0,-0.0001,0.0001,0.0,-0.0003
-1,2900,AMETHYSTS,9996,1,9995.0,25.0,,,10004,1,10005.0,25.0,,,10000.0,0.0,"[('9996.0', '1'), ('9996.0', '11')]",0.0,0.0001,-0.00015,-0.0001,-0.0001
-1,3000,AMETHYSTS,9998,1,9995.0,26.0,,,10005,26,,,,,10001.5,0.0,"[('10005.0', '1')]",-0.00014997750337449384,-0.00014997750337449384,-4.999250112483127e-05,0.0001999700044993251,-0.00014997750337449384
-1,3100,AMETHYSTS,9996,2,9995.0,24.0,,,10004,2,10005.0,24.0,,,10000.0,0.0,"[('9996.0', '2')]",-0.00035,0.0,0.0,0.0,0.00015
-1,3200,AMETHYSTS,9996,1,9995.0,22.0,,,10004,1,10005.0,22.0,,,10000.0,0.0,"[('9996.0', '1'), ('9996.0', '1')]",0.0003,-0.0001,0.0001,0.00015,0.0001
-1,3300,AMETHYSTS,9996,2,9995.0,30.0,,,10004,2,10005.0,30.0,,,10000.0,0.0,[],-0.0001,-0.00035,0.0,0.0,0.0
-1,3400,AMETHYSTS,9996,2,9995.0,24.0,,,10004,2,10005.0,24.0,,,10000.0,0.0,[],0.0001,0.0,0.0,0.0,0.0
-1,3500,AMETHYSTS,9995,26,,,,,10005,26,,,,,10000.0,0.0,[],0.0,-0.0001,0.0,0.0,0.0001
-1,3600,AMETHYSTS,9995,21,,,,,9998,4,10005.0,21.0,,,9996.5,0.0,[],0.0003501225428900115,0.0002500875306357225,0.0003501225428900115,0.000200070024508578,0.0003501225428900115
-1,3700,AMETHYSTS,10002,1,9996.0,1.0,9995.0,23.0,10004,1,10005.0,23.0,,,10003.0,0.0,"[('10002.0', '1')]",-0.00039988003598920324,-0.00029991002699190244,-0.00014995501349595122,-0.0005998200539838049,0.0
-1,3800,AMETHYSTS,9996,2,9995.0,23.0,,,10002,10,10004.0,2.0,10005.0,23.0,9999.0,0.0,"[('9996.0', '1')]",-0.00025002500250025,0.00020002000200020003,0.00010001000100010001,0.00010001000100010001,0.00010001000100010001
-1,3900,AMETHYSTS,9998,1,9996.0,1.0,9995.0,25.0,10004,1,10005.0,25.0,,,10001.0,0.0,[],-9.999000099990002e-05,-0.00024997500249975,-9.999000099990002e-05,-0.00029997000299970003,-9.999000099990002e-05
-1,4000,AMETHYSTS,9996,2,9995.0,30.0,,,10004,2,10005.0,30.0,,,10000.0,0.0,[],-0.0001,0.0001,0.0,0.0001,0.00015
-1,4100,AMETHYSTS,9996,2,9995.0,27.0,,,10004,2,10005.0,27.0,,,10000.0,0.0,[],-0.0001,0.0,0.0,0.0,0.0
-1,4200,AMETHYSTS,9996,2,9995.0,24.0,,,10002,4,10004.0,2.0,10005.0,24.0,9999.0,0.0,"[('9996.0', '2')]",0.00010001000100010001,0.00020002000200020003,0.00010001000100010001,0.00010001000100010001,0.0
-1,4300,AMETHYSTS,9995,22,,,,,9998,1,10000.0,6.0,10005.0,22.0,9996.5,0.0,"[('9995.0', '2')]",0.0004501575551443005,0.0003501225428900115,0.0003501225428900115,0.0003501225428900115,0.0002500875306357225
-1,4400,AMETHYSTS,9995,30,,,,,10005,30,,,,,10000.0,0.0,[],-0.00015,0.0,0.0,0.0,0.0003
-1,4500,AMETHYSTS,9996,1,9995.0,28.0,,,10002,10,10004.0,1.0,10005.0,28.0,9999.0,0.0,[],0.00020002000200020003,0.00010001000100010001,-0.00020002000200020003,-5.000500050005001e-05,0.00040004000400040005
-1,4600,AMETHYSTS,9996,1,9995.0,29.0,,,10002,10,10004.0,1.0,10005.0,29.0,9999.0,0.0,[],0.00010001000100010001,0.00010001000100010001,0.00010001000100010001,-0.00010001000100010001,-0.00025002500250025
-1,4700,AMETHYSTS,9996,2,9995.0,30.0,,,10004,2,10005.0,30.0,,,10000.0,0.0,[],0.0001,0.00015,-0.00015,-0.00015,0.0
-1,4800,AMETHYSTS,9998,6,9996.0,2.0,9995.0,22.0,10004,2,10005.0,22.0,,,10001.0,0.0,"[('10004.0', '2')]",-9.999000099990002e-05,-9.999000099990002e-05,-9.999000099990002e-05,-0.00024997500249975,-9.999000099990002e-05
-1,4900,AMETHYSTS,9995,22,,,,,10002,7,10005.0,22.0,,,9998.5,0.0,[],0.00015002250337550632,0.00015002250337550632,5.000750112516878e-05,0.0004000600090013502,0.000450067510126519
-1,5000,AMETHYSTS,9998,3,9996.0,2.0,9995.0,28.0,10004,2,10005.0,28.0,,,10001.0,0.0,[],-9.999000099990002e-05,-9.999000099990002e-05,4.999500049995001e-05,4.999500049995001e-05,-9.999000099990002e-05
-1,5100,AMETHYSTS,9996,1,9995.0,30.0,,,10004,1,10005.0,30.0,,,10000.0,0.0,[],0.0,0.0,0.0,0.0,0.00035
-1,5200,AMETHYSTS,9998,9,9996.0,1.0,9995.0,26.0,10004,1,10005.0,26.0,,,10001.0,0.0,[],4.999500049995001e-05,-9.999000099990002e-05,0.0,4.999500049995001e-05,-0.00039996000399960006
-1,5300,AMETHYSTS,9996,1,9995.0,20.0,,,10004,1,10005.0,20.0,,,10000.0,0.0,[],0.0,0.0,0.0003,-0.00015,0.0
-1,5400,AMETHYSTS,9995,21,,,,,10005,21,,,,,10000.0,0.0,[],0.0,0.0,0.0,-0.0003,0.0
-1,5500,AMETHYSTS,9995,27,,,,,10005,27,,,,,10000.0,0.0,[],0.0,-0.0003,-0.00015,0.0003,-0.0003
-1,5600,AMETHYSTS,9995,28,,,,,10005,28,,,,,10000.0,0.0,[],0.0,0.0,0.0,0.0,-0.0001
-1,5700,AMETHYSTS,9998,2,9995.0,27.0,,,10005,27,,,,,10001.5,0.0,[],-0.00014997750337449384,-0.0002999550067489877,-0.00014997750337449384,0.00014997750337449384,-0.00014997750337449384
-1,5800,AMETHYSTS,9996,1,9995.0,30.0,,,10004,1,10005.0,30.0,,,10000.0,0.0,[],0.0,0.0,0.0001,0.0001,0.00035
-1,5900,AMETHYSTS,9996,2,9995.0,28.0,,,10004,2,10005.0,28.0,,,10000.0,0.0,[],0.0,-0.0001,0.0,-0.0002,0.0
-1,6000,AMETHYSTS,9995,30,,,,,10005,30,,,,,10000.0,0.0,[],-0.0003,0.00015,0.0,-0.0001,0.0
-1,6100,AMETHYSTS,9996,1,9995.0,24.0,,,10004,1,10005.0,24.0,,,10000.0,0.0,[],0.0,0.0,0.0,-0.00025,0.00015
-1,6200,AMETHYSTS,9996,1,9995.0,21.0,,,10004,1,10005.0,21.0,,,10000.0,0.0,[],-0.00015,0.0001,0.0,-0.00035,0.0
-1,6300,AMETHYSTS,9996,2,9995.0,23.0,,,10004,2,10005.0,23.0,,,10000.0,0.0,[],0.0,0.0003,0.0,0.0,-0.0003
-1,6400,AMETHYSTS,9996,1,9995.0,24.0,,,10004,1,10005.0,24.0,,,10000.0,0.0,[],-0.0001,0.0,0.0,-0.0001,0.0
-1,6500,AMETHYSTS,9996,1,9995.0,26.0,,,9998,1,10004.0,1.0,10005.0,26.0,9997.0,0.0,"[('9998.0', '1')]",0.00045013504051215364,0.00015004501350405122,0.00040012003601080324,0.00020006001800540162,0.00030009002700810244
-1,6600,AMETHYSTS,9996,2,9995.0,24.0,,,10004,2,10005.0,24.0,,,10000.0,0.0,"[('10004.0', '2')]",0.0,0.0,0.0,0.0001,-0.0003
-1,6700,AMETHYSTS,9995,20,,,,,10002,3,10005.0,20.0,,,9998.5,0.0,"[('10002.0', '3')]",0.00025003750562584387,0.00015002250337550632,0.00030004500675101265,0.0005000750112516877,0.00025003750562584387
-1,6800,AMETHYSTS,9996,2,9995.0,30.0,,,10004,2,10005.0,30.0,,,10000.0,0.0,[],0.0003,0.0001,-0.00035,0.0,0.0
-1,6900,AMETHYSTS,9996,1,9995.0,26.0,,,10002,5,10004.0,1.0,10005.0,26.0,9999.0,0.0,"[('10002.0', '1')]",0.00010001000100010001,0.00010001000100010001,0.00025002500250025,0.00010001000100010001,0.00045004500450045
-1,7000,AMETHYSTS,9998,2,9995.0,27.0,,,10005,27,,,,,10001.5,0.0,"[('10005.0', '2')]",-0.0002999550067489877,-0.00014997750337449384,-0.00014997750337449384,0.0,-0.0002999550067489877
-1,7100,AMETHYSTS,9996,1,9995.0,29.0,,,10004,1,10005.0,29.0,,,10000.0,0.0,[],0.0,0.0,0.0001,0.0,0.0
-1,7200,AMETHYSTS,9998,5,9996.0,1.0,9995.0,27.0,10004,1,10005.0,27.0,,,10001.0,0.0,[],-9.999000099990002e-05,-9.999000099990002e-05,4.999500049995001e-05,0.0,4.999500049995001e-05
-1,7300,AMETHYSTS,10002,1,9996.0,2.0,9995.0,29.0,10004,2,10005.0,29.0,,,10003.0,0.0,"[('10004.0', '2')]",-0.00019994001799460162,-0.00029991002699190244,-0.00029991002699190244,-0.00039988003598920324,-0.00029991002699190244
-1,7400,AMETHYSTS,9996,1,9995.0,22.0,,,10004,1,10005.0,22.0,,,10000.0,0.0,[],0.0,0.0,0.0001,0.00025,0.0
-1,7500,AMETHYSTS,9995,25,,,,,10002,10,10005.0,25.0,,,9998.5,0.0,[],0.00015002250337550632,0.00025003750562584387,0.00015002250337550632,0.00015002250337550632,0.00015002250337550632
-1,7600,AMETHYSTS,9996,2,9995.0,20.0,,,10004,2,10005.0,20.0,,,10000.0,0.0,[],0.0,0.0,0.0,0.00015,0.00015
-1,7700,AMETHYSTS,9995,22,,,,,10005,22,,,,,10000.0,0.0,[],0.0,0.00015,-0.00015,0.0,0.0
-1,7800,AMETHYSTS,9998,3,9996.0,1.0,9995.0,22.0,10004,1,10005.0,22.0,,,10001.0,0.0,[],-9.999000099990002e-05,-0.00044995500449955,-9.999000099990002e-05,-0.00019998000199980003,0.0
-1,7900,AMETHYSTS,9996,1,9995.0,26.0,,,10004,1,10005.0,26.0,,,10000.0,0.0,[],0.0,0.00015,0.0,0.0,-0.0001
-1,8000,AMETHYSTS,9995,27,,,,,10005,27,,,,,10000.0,0.0,[],0.0001,0.0,0.0,0.0,0.00015
-1,8100,AMETHYSTS,9996,1,9995.0,22.0,,,10004,1,10005.0,22.0,,,10000.0,0.0,"[('9996.0', '1'), ('9996.0', '1')]",0.0,0.0001,-0.0001,0.0,0.0
-1,8200,AMETHYSTS,9995,23,,,,,10005,23,,,,,10000.0,0.0,[],0.00015,0.00015,0.0,0.0,-0.0003
-1,8300,AMETHYSTS,9996,1,9995.0,29.0,,,10004,1,10005.0,29.0,,,10000.0,0.0,[],-0.00035,0.0,0.00015,0.0,0.0
-1,8400,AMETHYSTS,9995,28,,,,,10005,28,,,,,10000.0,0.0,[],0.00015,0.0001,0.0003,0.0,0.0
-1,8500,AMETHYSTS,9998,10,9996.0,2.0,9995.0,29.0,10004,2,10005.0,29.0,,,10001.0,0.0,[],-9.999000099990002e-05,-9.999000099990002e-05,0.0,-0.00034996500349965005,4.999500049995001e-05
-1,8600,AMETHYSTS,9996,1,9995.0,22.0,,,10004,1,10005.0,22.0,,,10000.0,0.0,[],0.0001,0.0,-0.0002,0.00035,0.0003
-1,8700,AMETHYSTS,9998,10,9995.0,27.0,,,10005,27,,,,,10001.5,0.0,[],0.0,-0.0002999550067489877,0.0,-0.00014997750337449384,-0.00014997750337449384
-1,8800,AMETHYSTS,9995,25,,,,,9998,1,10005.0,25.0,,,9996.5,0.0,"[('9998.0', '1')]",0.0003501225428900115,0.0003501225428900115,0.0004501575551443005,0.0003501225428900115,0.0003501225428900115
-1,8900,AMETHYSTS,9998,9,9995.0,26.0,,,10005,26,,,,,10001.5,0.0,[],-4.999250112483127e-05,-0.00014997750337449384,-0.00014997750337449384,0.0,-4.999250112483127e-05
-1,9000,AMETHYSTS,9996,2,9995.0,29.0,,,10004,2,10005.0,29.0,,,10000.0,0.0,[],0.0,0.0,-0.00015,0.0,0.0
-1,9100,AMETHYSTS,9998,3,9996.0,2.0,9995.0,27.0,10004,2,10005.0,27.0,,,10001.0,0.0,[],-9.999000099990002e-05,-0.00019998000199980003,4.999500049995001e-05,-9.999000099990002e-05,-9.999000099990002e-05
-1,9200,AMETHYSTS,9998,10,9995.0,27.0,,,10005,27,,,,,10001.5,0.0,[],-0.0002999550067489877,-0.00014997750337449384,-0.00024996250562415637,-0.0004499325101234815,-0.00014997750337449384
-1,9300,AMETHYSTS,9996,1,9995.0,20.0,,,10004,1,10005.0,20.0,,,10000.0,0.0,[],0.0,0.00015,0.0,0.0,-0.0001
-1,9400,AMETHYSTS,9998,2,9996.0,2.0,9995.0,21.0,10004,2,10005.0,21.0,,,10001.0,0.0,[],-9.999000099990002e-05,0.00019998000199980003,-9.999000099990002e-05,-9.999000099990002e-05,0.00019998000199980003
-1,9500,AMETHYSTS,9996,1,9995.0,30.0,,,10004,1,10005.0,30.0,,,10000.0,0.0,[],0.0,0.0001,-0.0001,0.0,0.0
-1,9600,AMETHYSTS,9996,1,9995.0,30.0,,,10004,1,10005.0,30.0,,,10000.0,0.0,[],-0.0001,-0.0002,-0.0001,0.0,0.0
-1,9700,AMETHYSTS,9995,22,,,,,10002,1,10005.0,22.0,,,9998.5,0.0,[],0.00015002250337550632,0.00030004500675101265,0.00015002250337550632,0.000450067510126519,5.000750112516878e-05
-1,9800,AMETHYSTS,9995,26,,,,,10005,26,,,,,10000.0,0.0,[],0.00015,0.0001,-0.0001,0.0,0.0001
-1,9900,AMETHYSTS,9995,25,,,,,10005,25,,,,,10000.0,0.0,[],0.0003,0.0,0.0,0.0,0.0
-1,10000,AMETHYSTS,9995,28,,,,,10005,28,,,,,10000.0,0.0,[],0.0001,-0.00015,0.00035,-0.00015,0.0001
-1,10100,AMETHYSTS,9996,1,9995.0,24.0,,,10002,3,10004.0,1.0,10005.0,24.0,9999.0,0.0,[],-0.00010001000100010001,0.00025002500250025,0.00010001000100010001,0.00040004000400040005,0.00010001000100010001
-1,10200,AMETHYSTS,9996,2,9995.0,26.0,,,10004,2,10005.0,26.0,,,10000.0,0.0,[],0.00015,-0.0001,0.0,-0.00035,0.0
-1,10300,AMETHYSTS,9998,4,9995.0,27.0,,,10005,27,,,,,10001.5,0.0,"[('9998.0', '1')]",-4.999250112483127e-05,-0.00014997750337449384,-4.999250112483127e-05,-0.00014997750337449384,-0.00024996250562415637
-1,10400,AMETHYSTS,10002,1,9996.0,1.0,9995.0,28.0,10004,1,10005.0,28.0,,,10003.0,0.0,"[('10002.0', '1')]",-0.00029991002699190244,-0.00029991002699190244,-0.00029991002699190244,-0.000499850044986504,-0.00019994001799460162
-1,10500,AMETHYSTS,9998,4,9996.0,2.0,9995.0,29.0,10004,2,10005.0,29.0,,,10001.0,0.0,[],-0.00024997500249975,-0.00019998000199980003,-9.999000099990002e-05,9.999000099990002e-05,0.0
-1,10600,AMETHYSTS,9996,2,9995.0,29.0,,,10000,4,10004.0,2.0,10005.0,29.0,9998.0,0.0,[],0.00035007001400280056,0.00010002000400080016,0.00020004000800160032,0.00020004000800160032,0.00010002000400080016
-1,10700,AMETHYSTS,9998,8,9995.0,28.0,,,10005,28,,,,,10001.5,0.0,[],-0.00024996250562415637,-0.00014997750337449384,-0.00014997750337449384,0.0001999700044993251,-0.00014997750337449384
-1,10800,AMETHYSTS,9998,5,9996.0,2.0,9995.0,22.0,10004,2,10005.0,22.0,,,10001.0,0.0,"[('10004.0', '2'), ('10004.0', '10')]",-9.999000099990002e-05,-0.00019998000199980003,-9.999000099990002e-05,-9.999000099990002e-05,-9.999000099990002e-05
-1,10900,AMETHYSTS,9996,1,9995.0,27.0,,,10004,1,10005.0,27.0,,,10000.0,0.0,[],0.0,0.0,-0.0001,0.0,-0.0001
-1,11000,AMETHYSTS,9995,24,,,,,10002,7,10005.0,24.0,,,9998.5,0.0,[],5.000750112516878e-05,0.0005000750112516877,0.0005000750112516877,0.00015002250337550632,0.00035005250787618143
-1,11100,AMETHYSTS,9998,3,9995.0,21.0,,,10005,21,,,,,10001.5,0.0,"[('9998.0', '4'), ('9998.0', '3')]",-0.00024996250562415637,-0.00014997750337449384,-0.00014997750337449384,-0.00014997750337449384,-0.00014997750337449384
-1,11200,AMETHYSTS,9996,2,9995.0,21.0,,,10002,7,10004.0,2.0,10005.0,21.0,9999.0,0.0,[],0.00010001000100010001,0.00010001000100010001,0.00025002500250025,-0.00025002500250025,0.0
-1,11300,AMETHYSTS,9996,1,9995.0,21.0,,,10004,1,10005.0,21.0,,,10000.0,0.0,[],-0.0001,0.0001,0.0,-0.0001,0.0
-1,11400,AMETHYSTS,9996,1,9995.0,25.0,,,10004,1,10005.0,25.0,,,10000.0,0.0,"[('9996.0', '1')]",0.0,0.0,0.0,0.0,-0.00035
-1,11500,AMETHYSTS,9996,1,9995.0,25.0,,,10002,7,10004.0,1.0,10005.0,25.0,9999.0,0.0,"[('10002.0', '2')]",0.00045004500450045,0.00010001000100010001,0.00010001000100010001,0.00010001000100010001,0.00010001000100010001
-1,11600,AMETHYSTS,9996,2,9995.0,27.0,,,10002,2,10004.0,2.0,10005.0,27.0,9999.0,0.0,[],0.00010001000100010001,0.00010001000100010001,-5.000500050005001e-05,0.00040004000400040005,0.00010001000100010001
-1,11700,AMETHYSTS,9996,2,9995.0,21.0,,,10004,2,10005.0,21.0,,,10000.0,0.0,[],0.0,0.0,-0.0003,0.0001,0.0
-1,11800,AMETHYSTS,9998,10,9995.0,29.0,,,10000,5,10005.0,29.0,,,9999.0,0.0,[],0.00020002000200020003,0.00010001000100010001,0.00010001000100010001,0.00010001000100010001,0.00030003000300030005
-1,11900,AMETHYSTS,9996,2,9995.0,30.0,,,10004,2,10005.0,30.0,,,10000.0,0.0,[],0.0,-0.0001,-0.0002,0.0003,0.00015
-1,12000,AMETHYSTS,10002,1,9995.0,20.0,,,10005,20,,,,,10003.5,0.0,"[('10002.0', '1')]",-0.000349877542859999,0.0,-0.000249912530614285,-0.000349877542859999,-0.000349877542859999
-1,12100,AMETHYSTS,9996,2,9995.0,25.0,,,10004,2,10005.0,25.0,,,10000.0,0.0,[],0.0,0.0,0.0,-0.0001,0.0
-1,12200,AMETHYSTS,9996,2,9995.0,28.0,,,10004,2,10005.0,28.0,,,10000.0,0.0,[],0.0,0.00015,0.0,0.0001,0.0
-1,12300,AMETHYSTS,9998,6,9996.0,1.0,9995.0,28.0,10004,1,10005.0,28.0,,,10001.0,0.0,[],-9.999000099990002e-05,-9.999000099990002e-05,-9.999000099990002e-05,-9.999000099990002e-05,-9.999000099990002e-05
-1,12400,AMETHYSTS,9995,26,,,,,10005,26,,,,,10000.0,0.0,[],-0.0001,0.0,0.0,-0.0003,0.0
-1,12500,AMETHYSTS,9995,20,,,,,10005,20,,,,,10000.0,0.0,[],0.00035,0.0,-0.00015,0.0,0.0001
-1,12600,AMETHYSTS,9995,22,,,,,10005,22,,,,,10000.0,0.0,[],0.0,-0.00015,-0.0002,0.0002,0.00035
-1,12700,AMETHYSTS,9996,2,9995.0,20.0,,,10004,2,10005.0,20.0,,,10000.0,0.0,[],0.00015,-0.0003,-0.00015,0.0,0.0
-1,12800,AMETHYSTS,9996,2,9995.0,20.0,,,10004,2,10005.0,20.0,,,10000.0,0.0,[],0.0,0.0,-0.00015,-0.0003,0.0
-1,12900,AMETHYSTS,9996,1,9995.0,28.0,,,10002,3,10004.0,1.0,10005.0,28.0,9999.0,0.0,[],0.00010001000100010001,-0.00010001000100010001,0.00035003500350035,0.0,0.00010001000100010001
-1,13000,AMETHYSTS,10002,1,9995.0,20.0,,,10005,20,,,,,10003.5,0.0,"[('10002.0', '1')]",-0.000349877542859999,-0.000249912530614285,-0.000199930024491428,-0.000349877542859999,-0.000349877542859999
-1,13100,AMETHYSTS,9996,1,9995.0,25.0,,,10004,1,10005.0,25.0,,,10000.0,0.0,[],-0.00015,0.0,0.0,0.00015,0.0
-1,13200,AMETHYSTS,9998,2,9995.0,22.0,,,10005,22,,,,,10001.5,0.0,"[('9998.0', '2')]",-0.0004499325101234815,-0.00014997750337449384,0.0,-4.999250112483127e-05,-0.00024996250562415637
-1,13300,AMETHYSTS,9995,24,,,,,10005,24,,,,,10000.0,0.0,"[('10005.0', '2')]",0.0,0.0,-0.00015,0.0,0.0
-1,13400,AMETHYSTS,9996,2,9995.0,30.0,,,10004,2,10005.0,30.0,,,10000.0,0.0,[],-0.0002,0.0,-0.0003,0.0,-0.0001
-1,13500,AMETHYSTS,9995,30,,,,,10005,30,,,,,10000.0,0.0,[],0.0001,-0.00015,0.0003,0.0001,0.0
-1,13600,AMETHYSTS,9995,25,,,,,10002,10,10005.0,25.0,,,9998.5,0.0,[],0.00015002250337550632,-5.000750112516878e-05,0.00015002250337550632,0.00015002250337550632,0.0005000750112516877
-1,13700,AMETHYSTS,9996,1,9995.0,20.0,,,9998,4,10004.0,1.0,10005.0,20.0,9997.0,0.0,[],0.00030009002700810244,0.00015004501350405122,0.0006001800540162049,0.0006001800540162049,0.00020006001800540162
-1,13800,AMETHYSTS,9996,2,9995.0,20.0,,,10004,2,10005.0,20.0,,,10000.0,0.0,[],0.0,-0.00015,0.0001,0.0,0.0
-1,13900,AMETHYSTS,9996,2,9995.0,20.0,,,10000,6,10004.0,2.0,10005.0,20.0,9998.0,0.0,[],0.00020004000800160032,0.0004500900180036007,0.0,0.00020004000800160032,0.00020004000800160032
-1,14000,AMETHYSTS,9998,5,9996.0,2.0,9995.0,27.0,10004,2,10005.0,27.0,,,10001.0,0.0,[],-0.00024997500249975,4.999500049995001e-05,-0.00019998000199980003,4.999500049995001e-05,0.00024997500249975
-1,14100,AMETHYSTS,9996,2,9995.0,23.0,,,10004,2,10005.0,23.0,,,10000.0,0.0,[],-0.0002,0.0,-0.00025,0.0,0.0
-1,14200,AMETHYSTS,9995,21,,,,,10005,21,,,,,10000.0,0.0,[],-0.00015,0.00015,-0.00035,-0.0001,0.0
-1,14300,AMETHYSTS,9996,2,9995.0,27.0,,,10004,2,10005.0,27.0,,,10000.0,0.0,[],-0.00015,-0.00015,0.0,-0.0001,0.0003
-1,14400,AMETHYSTS,9996,1,9995.0,29.0,,,10004,1,10005.0,29.0,,,10000.0,0.0,[],0.00025,-0.0003,-0.0001,0.0003,0.0
-1,14500,AMETHYSTS,9995,24,,,,,10002,1,10005.0,24.0,,,9998.5,0.0,[],0.00030004500675101265,0.000450067510126519,5.000750112516878e-05,0.000450067510126519,0.00015002250337550632
-1,14600,AMETHYSTS,9996,2,9995.0,26.0,,,10000,2,10004.0,2.0,10005.0,26.0,9998.0,0.0,[],0.00020004000800160032,0.00020004000800160032,0.0003000600120024005,-0.00015003000600120024,0.00020004000800160032
-1,14700,AMETHYSTS,9995,30,,,,,10002,7,10005.0,30.0,,,9998.5,0.0,[],0.00030004500675101265,0.000450067510126519,0.0005000750112516877,0.00015002250337550632,0.00030004500675101265
-1,14800,AMETHYSTS,9995,28,,,,,10002,6,10005.0,28.0,,,9998.5,0.0,[],0.0,0.00025003750562584387,0.00015002250337550632,0.00015002250337550632,0.00015002250337550632
-1,14900,AMETHYSTS,10000,4,9995.0,26.0,,,10005,26,,,,,10002.5,0.0,[],-0.0005498625343664084,-0.0004498875281179705,-0.00024993751562109475,4.9987503124218944e-05,-0.00024993751562109475
-1,15000,AMETHYSTS,9998,1,9995.0,25.0,,,10005,25,,,,,10001.5,0.0,[],0.00014997750337449384,-0.00024996250562415637,0.0,-0.00014997750337449384,0.0001999700044993251
-1,15100,AMETHYSTS,9995,22,,,,,10005,22,,,,,10000.0,0.0,[],0.0,-0.00025,0.0,0.00035,0.0003
-1,15200,AMETHYSTS,9998,6,9995.0,27.0,,,10005,27,,,,,10001.5,0.0,[],0.00014997750337449384,-0.0004999250112483127,-4.999250112483127e-05,-0.0004499325101234815,-0.00024996250562415637
-1,15300,AMETHYSTS,9995,26,,,,,10002,1,10005.0,26.0,,,9998.5,0.0,"[('10002.0', '1')]",0.00025003750562584387,0.00015002250337550632,5.000750112516878e-05,0.00015002250337550632,0.00025003750562584387
-1,15400,AMETHYSTS,9996,2,9995.0,28.0,,,9998,1,10004.0,2.0,10005.0,28.0,9997.0,0.0,"[('9998.0', '1')]",0.00010003000900270081,0.00020006001800540162,0.0005501650495148545,0.00030009002700810244,0.0006501950585175553
-1,15500,AMETHYSTS,10002,1,9996.0,2.0,9995.0,29.0,10004,2,10005.0,29.0,,,10003.0,0.0,[],-0.00039988003598920324,-0.00039988003598920324,-0.00029991002699190244,-0.0005998200539838049,-0.00029991002699190244
-1,15600,AMETHYSTS,9996,2,9995.0,24.0,,,10004,2,10005.0,24.0,,,10000.0,0.0,"[('10004.0', '2')]",-0.00025,0.0001,0.00015,-0.0001,0.0
-1,15700,AMETHYSTS,10002,5,9996.0,1.0,9995.0,24.0,10004,1,10005.0,24.0,,,10003.0,0.0,"[('10002.0', '1')]",-0.0006498050584824553,4.9985004498650404e-05,-0.00029991002699190244,-0.00029991002699190244,-0.00029991002699190244
-1,15800,AMETHYSTS,9998,10,9996.0,2.0,9995.0,20.0,10004,2,10005.0,20.0,,,10001.0,0.0,[],-9.999000099990002e-05,-9.999000099990002e-05,-0.00019998000199980003,0.00024997500249975,0.0
-1,15900,AMETHYSTS,9996,2,9995.0,29.0,,,10000,6,10004.0,2.0,10005.0,29.0,9998.0,0.0,[],0.00010002000400080016,0.00020004000800160032,0.00020004000800160032,0.00020004000800160032,0.00020004000800160032
-1,16000,AMETHYSTS,9996,2,9995.0,27.0,,,10002,6,10004.0,2.0,10005.0,27.0,9999.0,0.0,[],0.0,0.00025002500250025,0.00010001000100010001,0.00010001000100010001,-5.000500050005001e-05
-1,16100,AMETHYSTS,9995,21,,,,,10000,2,10002.0,10.0,10005.0,21.0,9997.5,0.0,[],0.0003500875218804701,0.00025006251562890725,0.00025006251562890725,0.00040010002500625154,0.0005501375343835959
-1,16200,AMETHYSTS,9995,24,,,,,9998,1,10005.0,24.0,,,9996.5,0.0,"[('9998.0', '1')]",0.000700245085780023,0.0004501575551443005,0.0003501225428900115,0.0003501225428900115,5.00175061271445e-05
-1,16300,AMETHYSTS,9996,1,9995.0,22.0,,,10004,1,10005.0,22.0,,,10000.0,0.0,"[('10004.0', '1')]",0.0,-0.0001,0.0,-0.0003,0.0
-1,16400,AMETHYSTS,9996,2,9995.0,30.0,,,10002,3,10004.0,2.0,10005.0,30.0,9999.0,0.0,"[('10002.0', '1')]",0.00010001000100010001,0.00035003500350035,0.00010001000100010001,0.00010001000100010001,0.00020002000200020003
-1,16500,AMETHYSTS,9996,2,9995.0,21.0,,,10002,7,10004.0,2.0,10005.0,21.0,9999.0,0.0,[],0.00025002500250025,0.00010001000100010001,-0.00015001500150015003,0.00010001000100010001,0.00010001000100010001
-1,16600,AMETHYSTS,9998,4,9996.0,2.0,9995.0,28.0,10004,2,10005.0,28.0,,,10001.0,0.0,[],-9.999000099990002e-05,4.999500049995001e-05,0.00024997500249975,-0.00039996000399960006,-9.999000099990002e-05
-1,16700,AMETHYSTS,10002,1,9995.0,26.0,,,10005,26,,,,,10003.5,0.0,"[('10002.0', '1')]",-0.000249912530614285,-0.000349877542859999,-0.000349877542859999,-0.000249912530614285,-0.000349877542859999
-1,16800,AMETHYSTS,9995,26,,,,,10005,26,,,,,10000.0,0.0,"[('9995.0', '5')]",-0.0001,-0.0001,0.0,0.0,0.0
-1,16900,AMETHYSTS,9996,1,9995.0,25.0,,,10004,1,10005.0,25.0,,,10000.0,0.0,[],0.00025,0.0,0.00015,0.00035,0.0
-1,17000,AMETHYSTS,9998,9,9995.0,29.0,,,10005,29,,,,,10001.5,0.0,[],-0.00014997750337449384,-0.00014997750337449384,-0.00014997750337449384,-0.0002999550067489877,-0.00014997750337449384
-1,17100,AMETHYSTS,9996,2,9995.0,21.0,,,10004,2,10005.0,21.0,,,10000.0,0.0,[],0.00015,0.0,0.0,0.0,0.0
-1,17200,AMETHYSTS,9998,3,9996.0,2.0,9995.0,22.0,10004,2,10005.0,22.0,,,10001.0,0.0,[],-9.999000099990002e-05,-9.999000099990002e-05,-0.00039996000399960006,4.999500049995001e-05,-9.999000099990002e-05
-1,17300,AMETHYSTS,9996,2,9995.0,23.0,,,10002,9,10004.0,2.0,10005.0,23.0,9999.0,0.0,[],0.0,0.00010001000100010001,0.00010001000100010001,0.00010001000100010001,-0.00020002000200020003
-1,17400,AMETHYSTS,10000,6,9998.0,7.0,9995.0,28.0,10005,28,,,,,10002.5,0.0,[],-0.00024993751562109475,-0.00024993751562109475,-0.00024993751562109475,-0.00024993751562109475,9.997500624843789e-05
-1,17500,AMETHYSTS,9995,26,,,,,10005,26,,,,,10000.0,0.0,[],0.0,-0.00025,0.0,0.0,0.0
-1,17600,AMETHYSTS,9998,6,9995.0,30.0,,,10005,30,,,,,10001.5,0.0,[],-0.00014997750337449384,0.0001999700044993251,-0.00014997750337449384,0.0,-0.0002999550067489877
-1,17700,AMETHYSTS,9996,2,9995.0,27.0,,,10004,2,10005.0,27.0,,,10000.0,0.0,[],0.0,0.0,0.0003,0.0,0.0
-1,17800,AMETHYSTS,9996,2,9995.0,24.0,,,10002,5,10004.0,2.0,10005.0,24.0,9999.0,0.0,[],0.00010001000100010001,0.00010001000100010001,0.00010001000100010001,0.00020002000200020003,0.00010001000100010001
-1,17900,AMETHYSTS,9995,23,,,,,10005,23,,,,,10000.0,0.0,[],0.0,0.00015,0.0,-0.0001,0.0
-1,18000,AMETHYSTS,9996,2,9995.0,25.0,,,10004,2,10005.0,25.0,,,10000.0,0.0,[],-0.00025,0.0,-0.00015,0.00015,0.0003
-1,18100,AMETHYSTS,9995,20,,,,,10005,20,,,,,10000.0,0.0,[],0.00035,0.0,0.0003,0.0,-0.0001
-1,18200,AMETHYSTS,9996,1,9995.0,25.0,,,10004,1,10005.0,25.0,,,10000.0,0.0,[],0.0,-0.0003,-0.00035,-0.0003,0.0
-1,18300,AMETHYSTS,9996,2,9995.0,23.0,,,10004,2,10005.0,23.0,,,10000.0,0.0,[],0.0,0.0,0.0,0.0,0.00015
-1,18400,AMETHYSTS,9996,2,9995.0,23.0,,,10004,2,10005.0,23.0,,,10000.0,0.0,[],0.00015,0.0,-0.0002,0.0,-0.0002
-1,18500,AMETHYSTS,9995,29,,,,,10000,2,10005.0,29.0,,,9997.5,0.0,[],0.00025006251562890725,0.00025006251562890725,0.000450112528132033,0.00040010002500625154,0.0006001500375093774
-1,18600,AMETHYSTS,10002,1,9995.0,20.0,,,10005,20,,,,,10003.5,0.0,[],-0.000349877542859999,-0.000349877542859999,-0.000349877542859999,-4.9982506122857e-05,-0.000349877542859999
-1,18700,AMETHYSTS,9995,22,,,,,10005,22,,,,,10000.0,0.0,[],-0.0003,0.0003,0.00035,0.0,0.0
-1,18800,AMETHYSTS,9996,2,9995.0,26.0,,,10004,2,10005.0,26.0,,,10000.0,0.0,[],0.0,0.0,0.0,0.0,-0.0001
-1,18900,AMETHYSTS,9998,2,9995.0,22.0,,,10005,22,,,,,10001.5,0.0,[],-0.00014997750337449384,-0.00014997750337449384,-0.00014997750337449384,-4.999250112483127e-05,-0.00014997750337449384
-1,19000,AMETHYSTS,9996,2,9995.0,26.0,,,10004,2,10005.0,26.0,,,10000.0,0.0,[],0.0,-0.00015,0.0,0.0,-0.00015
-1,19100,AMETHYSTS,9996,2,9995.0,26.0,,,10004,2,10005.0,26.0,,,10000.0,0.0,[],0.0,0.0003,0.0,0.0,0.0001
-1,19200,AMETHYSTS,9996,1,9995.0,20.0,,,9998,1,10004.0,1.0,10005.0,20.0,9997.0,0.0,[],0.0006001800540162049,-5.0015004501350405e-05,-5.0015004501350405e-05,0.00030009002700810244,0.00030009002700810244
-1,19300,AMETHYSTS,9996,2,9995.0,21.0,,,10004,2,10005.0,21.0,,,10000.0,0.0,"[('9996.0', '1')]",0.0,0.0,-0.0001,-0.0001,0.0
-1,19400,AMETHYSTS,9995,26,,,,,10005,26,,,,,10000.0,0.0,[],0.0,-0.0002,0.0,0.0003,0.0
-1,19500,AMETHYSTS,9995,23,,,,,10005,23,,,,,10000.0,0.0,[],-0.00015,0.0002,0.0,0.0,-0.00035
-1,19600,AMETHYSTS,9996,2,9995.0,27.0,,,10004,2,10005.0,27.0,,,10000.0,0.0,[],0.0003,0.0,0.0003,0.0,0.0
-1,19700,AMETHYSTS,10002,1,9996.0,2.0,9995.0,30.0,10004,2,10005.0,30.0,,,10003.0,0.0,"[('10002.0', '1')]",-0.0006498050584824553,4.9985004498650404e-05,-0.00019994001799460162,-0.00039988003598920324,-0.00029991002699190244
-1,19800,AMETHYSTS,9996,2,9995.0,29.0,,,10004,2,10005.0,29.0,,,10000.0,0.0,[],0.0,0.0,0.0,0.0001,0.0
-1,19900,AMETHYSTS,9996,2,9995.0,30.0,,,10004,2,10005.0,30.0,,,10000.0,0.0,[],-0.0002,0.0,0.0003,0.0,-0.0001
-1,20000,AMETHYSTS,9995,27,,,,,10002,4,10005.0,27.0,,,9998.5,0.0,[],0.00035005250787618143,0.00015002250337550632,0.00015002250337550632,0.00025003750562584387,0.00015002250337550632
-1,20100,AMETHYSTS,10002,1,9996.0,1.0,9995.0,30.0,10004,1,10005.0,30.0,,,10003.0,0.0,"[('10002.0', '1'), ('10002.0', '4')]",-0.00029991002699190244,-0.00029991002699190244,-0.00039988003598920324,-0.00029991002699190244,-0.00039988003598920324
-1,20200,AMETHYSTS,9995,29,,,,,9998,1,10005.0,29.0,,,9996.5,0.0,"[('9998.0', '1')]",0.000700245085780023,0.0,0.0004501575551443005,0.0003501225428900115,0.0003501225428900115
-1,20300,AMETHYSTS,9995,27,,,,,10005,27,,,,,10000.0,0.0,[],0.0,-0.0001,0.0,-0.0001,-0.00035
-1,20400,AMETHYSTS,9996,1,9995.0,28.0,,,10000,4,10004.0,1.0,10005.0,28.0,9998.0,0.0,[],0.00020004000800160032,0.00020004000800160032,-0.00010002000400080016,0.0003000600120024005,0.00020004000800160032
-1,20500,AMETHYSTS,10000,3,9996.0,2.0,9995.0,30.0,10004,2,10005.0,30.0,,,10002.0,0.0,"[('9998.0', '1')]",-0.0001999600079984003,-0.0001999600079984003,-0.0001999600079984003,-9.998000399920016e-05,9.998000399920016e-05
-1,20600,AMETHYSTS,9996,2,9995.0,26.0,,,10004,2,10005.0,26.0,,,10000.0,0.0,[],0.0,0.0003,0.0002,-0.0001,0.0
-1,20700,AMETHYSTS,10002,1,10000.0,6.0,9998.0,4.0,10005,22,,,,,10003.5,0.0,"[('10002.0', '1')]",-0.000699755085719998,-0.000249912530614285,-0.000349877542859999,-0.000349877542859999,-0.000249912530614285
-1,20800,AMETHYSTS,9996,2,9995.0,22.0,,,10004,2,10005.0,22.0,,,10000.0,0.0,[],-0.0001,0.0,-0.0003,0.0,0.0
-1,20900,AMETHYSTS,9995,23,,,,,10005,23,,,,,10000.0,0.0,[],0.0,0.0003,-0.0001,-0.0001,0.0001
-1,21000,AMETHYSTS,9996,2,9995.0,26.0,,,10004,2,10005.0,26.0,,,10000.0,0.0,[],0.0,0.0,0.0,0.0002,-0.00015
-1,21100,AMETHYSTS,9996,2,9995.0,22.0,,,10004,2,10005.0,22.0,,,10000.0,0.0,[],0.0003,-0.0001,0.00015,0.0,0.0
-1,21200,AMETHYSTS,9995,22,,,,,9998,1,10005.0,22.0,,,9996.5,0.0,"[('9998.0', '1')]",0.0004501575551443005,0.0004501575551443005,0.0004501575551443005,0.0002500875306357225,0.0003501225428900115
-1,21300,AMETHYSTS,9996,1,9995.0,29.0,,,10002,7,10004.0,1.0,10005.0,29.0,9999.0,0.0,"[('9996.0', '1'), ('9996.0', '7')]",0.00010001000100010001,0.00010001000100010001,0.00010001000100010001,0.00010001000100010001,0.00020002000200020003
-1,21400,AMETHYSTS,9995,28,,,,,10005,28,,,,,10000.0,0.0,[],0.0003,-0.0003,0.0,-0.00035,-0.0001
-1,21500,AMETHYSTS,9996,1,9995.0,20.0,,,10004,1,10005.0,20.0,,,10000.0,0.0,[],0.0,0.0,0.0001,0.0,0.0001
-1,21600,AMETHYSTS,10002,12,9996.0,2.0,9995.0,25.0,10004,2,10005.0,25.0,,,10003.0,0.0,[],-0.00039988003598920324,-9.997000899730081e-05,-0.00029991002699190244,-0.00029991002699190244,-0.00029991002699190244
-1,21700,AMETHYSTS,9998,8,9996.0,2.0,9995.0,29.0,10004,2,10005.0,29.0,,,10001.0,0.0,[],0.0,-9.999000099990002e-05,0.00019998000199980003,-9.999000099990002e-05,0.00014998500149985002
-1,21800,AMETHYSTS,9996,2,9995.0,22.0,,,10004,2,10005.0,22.0,,,10000.0,0.0,[],0.0,-0.0003,0.0,0.0002,0.0
-1,21900,AMETHYSTS,10002,3,9996.0,1.0,9995.0,21.0,10004,1,10005.0,21.0,,,10003.0,0.0,[],-0.0005998200539838049,-0.00039988003598920324,-0.00029991002699190244,-0.00014995501349595122,-0.0005998200539838049
-1,22000,AMETHYSTS,9995,21,,,,,10005,21,,,,,10000.0,0.0,[],0.0,0.0,0.00015,0.0,0.0
-1,22100,AMETHYSTS,9996,2,9995.0,22.0,,,10002,7,10004.0,2.0,10005.0,22.0,9999.0,0.0,[],0.00030003000300030005,0.00025002500250025,0.00010001000100010001,0.00010001000100010001,0.00020002000200020003
-1,22200,AMETHYSTS,9998,6,9996.0,1.0,9995.0,20.0,10004,1,10005.0,20.0,,,10001.0,0.0,"[('9998.0', '6')]",-9.999000099990002e-05,0.0,-0.00019998000199980003,-9.999000099990002e-05,0.00024997500249975
-1,22300,AMETHYSTS,9996,1,9995.0,28.0,,,10004,1,10005.0,28.0,,,10000.0,0.0,[],-0.0003,0.0,-0.0001,0.0,0.0
-1,22400,AMETHYSTS,9996,2,9995.0,27.0,,,9998,1,10004.0,2.0,10005.0,27.0,9997.0,0.0,"[('9998.0', '1')]",0.00020006001800540162,0.00030009002700810244,0.0006001800540162049,0.00030009002700810244,0.00030009002700810244
-1,22500,AMETHYSTS,9996,2,9995.0,29.0,,,10004,2,10005.0,29.0,,,10000.0,0.0,[],0.0,0.0001,0.0003,0.0001,-0.00015
-1,22600,AMETHYSTS,10000,6,9998.0,6.0,9996.0,2.0,10004,2,10005.0,20.0,,,10002.0,0.0,[],-4.999000199960008e-05,-0.0001999600079984003,-0.0005498900219956009,0.00014997000599880023,-0.0001999600079984003
-1,22700,AMETHYSTS,9996,2,9995.0,24.0,,,10004,2,10005.0,24.0,,,10000.0,0.0,[],0.0001,0.0003,0.0,0.0,0.0
-1,22800,AMETHYSTS,9996,1,9995.0,27.0,,,9998,2,10004.0,1.0,10005.0,27.0,9997.0,0.0,"[('9998.0', '2')]",0.00030009002700810244,0.00030009002700810244,0.00030009002700810244,0.00030009002700810244,0.00030009002700810244
-1,22900,AMETHYSTS,9996,2,9995.0,30.0,,,10002,8,10004.0,2.0,10005.0,30.0,9999.0,0.0,[],0.00010001000100010001,0.00010001000100010001,0.00040004000400040005,0.00010001000100010001,0.00010001000100010001
-1,23000,AMETHYSTS,9996,1,9995.0,21.0,,,10004,1,10005.0,21.0,,,10000.0,0.0,[],0.0001,0.00015,0.0,0.0,0.0
-1,23100,AMETHYSTS,9998,8,9995.0,23.0,,,10005,23,,,,,10001.5,0.0,[],-0.00014997750337449384,-0.00014997750337449384,0.0001999700044993251,-0.00014997750337449384,-0.00014997750337449384
-1,23200,AMETHYSTS,9998,5,9996.0,2.0,9995.0,29.0,10004,2,10005.0,29.0,,,10001.0,0.0,"[('9998.0', '2')]",0.00019998000199980003,-0.00019998000199980003,-0.00039996000399960006,-0.00019998000199980003,-9.999000099990002e-05
-1,23300,AMETHYSTS,9996,1,9995.0,29.0,,,10004,1,10005.0,29.0,,,10000.0,0.0,"[('9998.0', '1')]",0.0,-0.0001,0.0,0.0,0.0
-1,23400,AMETHYSTS,9996,1,9995.0,29.0,,,10004,1,10005.0,29.0,,,10000.0,0.0,[],0.0,0.0003,0.0,-0.0001,0.0
-1,23500,AMETHYSTS,9998,8,9996.0,2.0,9995.0,28.0,10004,2,10005.0,28.0,,,10001.0,0.0,[],4.999500049995001e-05,0.00019998000199980003,-0.00039996000399960006,-9.999000099990002e-05,4.999500049995001e-05
-1,23600,AMETHYSTS,9995,27,,,,,10005,27,,,,,10000.0,0.0,[],0.0,-0.00035,-0.0001,0.00035,-0.0001
-1,23700,AMETHYSTS,10002,1,9996.0,2.0,9995.0,21.0,10004,2,10005.0,21.0,,,10003.0,0.0,"[('10002.0', '1')]",-0.00039988003598920324,-0.00029991002699190244,-0.00029991002699190244,-0.00039988003598920324,-0.00029991002699190244
-1,23800,AMETHYSTS,9995,30,,,,,10005,30,,,,,10000.0,0.0,[],-0.0001,0.0,0.00035,0.0,0.0
-1,23900,AMETHYSTS,9995,30,,,,,10005,30,,,,,10000.0,0.0,[],0.0003,0.0003,0.0,0.0,0.0003
-1,24000,AMETHYSTS,9998,9,9995.0,29.0,,,10005,29,,,,,10001.5,0.0,[],0.00014997750337449384,-0.00014997750337449384,-0.00014997750337449384,0.0001999700044993251,-0.00014997750337449384
-1,24100,AMETHYSTS,9996,1,9995.0,25.0,,,10004,1,10005.0,25.0,,,10000.0,0.0,"[('9996.0', '7'), ('9996.0', '1')]",-0.00035,0.00035,0.00015,0.0,-0.00035
-1,24200,AMETHYSTS,9996,2,9995.0,28.0,,,10002,6,10004.0,2.0,10005.0,28.0,9999.0,0.0,[],0.00010001000100010001,-0.00020002000200020003,0.00010001000100010001,0.00010001000100010001,0.00010001000100010001
-1,24300,AMETHYSTS,9996,2,9995.0,24.0,,,10002,1,10004.0,2.0,10005.0,24.0,9999.0,0.0,[],0.00010001000100010001,0.00010001000100010001,-0.00020002000200020003,0.00040004000400040005,0.00010001000100010001
-1,24400,AMETHYSTS,10002,1,9998.0,4.0,9996.0,1.0,10004,1,10005.0,21.0,,,10003.0,0.0,[],0.0,-0.00029991002699190244,-0.00029991002699190244,-0.00029991002699190244,-0.00014995501349595122
-1,24500,AMETHYSTS,10002,1,9996.0,1.0,9995.0,25.0,10004,1,10005.0,25.0,,,10003.0,0.0,"[('10002.0', '1')]",-0.00029991002699190244,-0.0005998200539838049,-0.00029991002699190244,-0.00029991002699190244,-0.00029991002699190244
-1,24600,AMETHYSTS,9995,24,,,,,9998,2,10005.0,24.0,,,9996.5,0.0,"[('9998.0', '2')]",0.000700245085780023,0.0002500875306357225,5.00175061271445e-05,0.0003501225428900115,0.0003501225428900115
-1,24700,AMETHYSTS,9995,25,,,,,10005,25,,,,,10000.0,0.0,[],-0.0003,0.0,0.0001,0.00015,-0.00015
-1,24800,AMETHYSTS,9995,23,,,,,10005,23,,,,,10000.0,0.0,[],0.0,0.00035,0.0,0.0,-0.00035
-1,24900,AMETHYSTS,10002,1,9996.0,1.0,9995.0,22.0,10004,1,10005.0,22.0,,,10003.0,0.0,[],-0.00029991002699190244,-0.00029991002699190244,4.9985004498650404e-05,-0.00029991002699190244,-0.00029991002699190244
-1,25000,AMETHYSTS,9995,23,,,,,10005,23,,,,,10000.0,0.0,[],-0.0003,0.0,-0.00015,0.00035,0.0003
-1,25100,AMETHYSTS,10002,1,9995.0,25.0,,,10005,25,,,,,10003.5,0.0,"[('10002.0', '1')]",-0.000449842555105713,-0.000199930024491428,-0.000349877542859999,-4.9982506122857e-05,-0.000349877542859999
-1,25200,AMETHYSTS,9996,1,9995.0,24.0,,,9998,5,10004.0,1.0,10005.0,24.0,9997.0,0.0,"[('10002.0', '1'), ('9998.0', '5'), ('9998.0', '3')]",0.00030009002700810244,0.00030009002700810244,0.00045013504051215364,0.00020006001800540162,0.00030009002700810244
-1,25300,AMETHYSTS,9996,2,9995.0,22.0,,,10004,2,10005.0,22.0,,,10000.0,0.0,[],0.00035,-0.0003,0.0,0.0001,0.0
-1,25400,AMETHYSTS,9996,1,9995.0,29.0,,,10004,1,10005.0,29.0,,,10000.0,0.0,[],0.0,0.0,0.0,0.00035,-0.0003
-1,25500,AMETHYSTS,9996,1,9995.0,20.0,,,9998,6,10002.0,9.0,10004.0,1.0,9997.0,0.0,[],0.00030009002700810244,0.00030009002700810244,0.00030009002700810244,0.00030009002700810244,0.00010003000900270081
-1,25600,AMETHYSTS,9996,1,9995.0,22.0,,,10002,7,10004.0,1.0,10005.0,22.0,9999.0,0.0,[],0.00025002500250025,-0.00020002000200020003,0.00025002500250025,0.00010001000100010001,-5.000500050005001e-05
-1,25700,AMETHYSTS,9996,2,9995.0,30.0,,,10004,2,10005.0,30.0,,,10000.0,0.0,"[('10004.0', '2')]",0.0,0.0001,0.0,0.0,0.0
-1,25800,AMETHYSTS,10002,4,9995.0,24.0,,,10005,24,,,,,10003.5,0.0,[],-0.000649772579597141,-0.000349877542859999,-0.000249912530614285,-0.000249912530614285,-0.000349877542859999
-1,25900,AMETHYSTS,9996,2,9995.0,23.0,,,10004,2,10005.0,23.0,,,10000.0,0.0,[],0.0,0.00035,-0.0001,0.0,0.0
-1,26000,AMETHYSTS,9996,2,9995.0,27.0,,,10004,2,10005.0,27.0,,,10000.0,0.0,[],0.0,-0.00015,0.00015,-0.00015,0.0
-1,26100,AMETHYSTS,9998,7,9995.0,20.0,,,10005,20,,,,,10001.5,0.0,[],-0.0004499325101234815,-0.00014997750337449384,-0.00014997750337449384,0.00014997750337449384,-4.999250112483127e-05
-1,26200,AMETHYSTS,9996,1,9995.0,22.0,,,10004,1,10005.0,22.0,,,10000.0,0.0,[],0.0001,0.00015,-0.0003,-0.0003,0.0001
-1,26300,AMETHYSTS,9996,1,9995.0,29.0,,,9998,1,10004.0,1.0,10005.0,29.0,9997.0,0.0,"[('9998.0', '1')]",0.00030009002700810244,0.00030009002700810244,0.00030009002700810244,0.00030009002700810244,0.00030009002700810244
-1,26400,AMETHYSTS,9995,22,,,,,10005,22,,,,,10000.0,0.0,[],0.00035,0.0,0.0,0.0001,0.0
-1,26500,AMETHYSTS,9996,1,9995.0,23.0,,,10004,1,10005.0,23.0,,,10000.0,0.0,[],-0.00015,0.0,0.00015,0.0,0.0002
-1,26600,AMETHYSTS,9996,2,9995.0,28.0,,,9998,1,10004.0,2.0,10005.0,28.0,9997.0,0.0,"[('9998.0', '1')]",0.00030009002700810244,0.00045013504051215364,0.0006001800540162049,0.00030009002700810244,0.00040012003601080324
-1,26700,AMETHYSTS,9998,2,9996.0,1.0,9995.0,23.0,10004,1,10005.0,23.0,,,10001.0,0.0,[],4.999500049995001e-05,-9.999000099990002e-05,-9.999000099990002e-05,-9.999000099990002e-05,-9.999000099990002e-05
-1,26800,AMETHYSTS,9996,2,9995.0,28.0,,,10004,2,10005.0,28.0,,,10000.0,0.0,[],0.0,0.0001,0.0,0.0,0.0
-1,26900,AMETHYSTS,10002,1,9995.0,30.0,,,10005,30,,,,,10003.5,0.0,[],-0.000349877542859999,-0.000449842555105713,-0.000249912530614285,-0.000349877542859999,-0.000349877542859999
-1,27000,AMETHYSTS,9995,28,,,,,10002,1,10005.0,28.0,,,9998.5,0.0,[],0.00015002250337550632,0.00030004500675101265,0.00015002250337550632,0.00015002250337550632,0.00015002250337550632
-1,27100,AMETHYSTS,9995,24,,,,,10005,24,,,,,10000.0,0.0,[],0.00015,0.0,0.0,0.0,-0.0003
-1,27200,AMETHYSTS,9998,2,9995.0,21.0,,,10005,21,,,,,10001.5,0.0,[],-0.00014997750337449384,-0.0004499325101234815,-0.00014997750337449384,-0.00014997750337449384,0.00014997750337449384
-1,27300,AMETHYSTS,9996,2,9995.0,29.0,,,10004,2,10005.0,29.0,,,10000.0,0.0,[],0.0001,0.0,-0.0001,-0.0003,0.00035
-1,27400,AMETHYSTS,9995,21,,,,,10005,21,,,,,10000.0,0.0,[],-0.0001,0.0,0.0003,0.00035,-0.00015
-1,27500,AMETHYSTS,9996,1,9995.0,22.0,,,10004,1,10005.0,22.0,,,10000.0,0.0,[],0.00015,0.00015,0.0,0.0,-0.00015
-1,27600,AMETHYSTS,9998,5,9995.0,24.0,,,10005,24,,,,,10001.5,0.0,"[('9998.0', '4')]",-0.00014997750337449384,0.00014997750337449384,-0.00014997750337449384,-0.0002999550067489877,-0.00014997750337449384
-1,27700,AMETHYSTS,9995,24,,,,,10005,24,,,,,10000.0,0.0,[],-0.0003,0.0,-0.0001,0.0,-0.0001
-1,27800,AMETHYSTS,9998,9,9996.0,2.0,9995.0,26.0,10004,2,10005.0,26.0,,,10001.0,0.0,[],-9.999000099990002e-05,-9.999000099990002e-05,0.0,-9.999000099990002e-05,-0.00019998000199980003
-1,27900,AMETHYSTS,9996,2,9995.0,27.0,,,10002,4,10004.0,2.0,10005.0,27.0,9999.0,0.0,[],0.00010001000100010001,0.00020002000200020003,0.00010001000100010001,0.00010001000100010001,0.00045004500450045
-1,28000,AMETHYSTS,9998,2,9995.0,28.0,,,10005,28,,,,,10001.5,0.0,[],0.0,-0.00014997750337449384,-4.999250112483127e-05,0.00014997750337449384,-0.00014997750337449384
-1,28100,AMETHYSTS,9996,2,9995.0,24.0,,,10004,2,10005.0,24.0,,,10000.0,0.0,[],0.0003,0.0,0.0,-0.0001,-0.00015
-1,28200,AMETHYSTS,9996,1,9995.0,25.0,,,9998,2,10004.0,1.0,10005.0,25.0,9997.0,0.0,"[('9998.0', '2')]",0.00030009002700810244,0.00030009002700810244,0.00030009002700810244,0.00030009002700810244,0.00045013504051215364
-1,28300,AMETHYSTS,9996,1,9995.0,23.0,,,10004,1,10005.0,23.0,,,10000.0,0.0,[],0.0,-0.0001,-0.0001,0.00015,-0.0003
-1,28400,AMETHYSTS,9996,2,9995.0,23.0,,,10004,2,10005.0,23.0,,,10000.0,0.0,[],0.0001,0.0003,0.0001,-0.0002,-0.00015
-1,28500,AMETHYSTS,9998,10,9995.0,23.0,,,10005,23,,,,,10001.5,0.0,[],-0.00014997750337449384,-0.00014997750337449384,-4.999250112483127e-05,0.0001999700044993251,-0.0004999250112483127
-1,28600,AMETHYSTS,10002,1,9996.0,2.0,9995.0,21.0,10004,2,10005.0,21.0,,,10003.0,0.0,[],-0.00029991002699190244,-0.00029991002699190244,-0.00039988003598920324,-0.00029991002699190244,-0.00029991002699190244
-1,28700,AMETHYSTS,9995,30,,,,,10005,30,,,,,10000.0,0.0,[],0.0,-0.0001,0.0,0.0,0.0
-1,28800,AMETHYSTS,9995,27,,,,,10005,27,,,,,10000.0,0.0,[],-0.0001,0.0001,0.0,-0.0001,0.0
-1,28900,AMETHYSTS,9998,7,9996.0,1.0,9995.0,21.0,10004,1,10005.0,21.0,,,10001.0,0.0,[],0.00019998000199980003,-9.999000099990002e-05,-0.00019998000199980003,-9.999000099990002e-05,-9.999000099990002e-05
-1,29000,AMETHYSTS,9995,24,,,,,10005,24,,,,,10000.0,0.0,"[('10005.0', '8')]",0.0,0.0001,0.0002,-0.00015,0.0
-1,29100,AMETHYSTS,9996,2,9995.0,26.0,,,10004,2,10005.0,26.0,,,10000.0,0.0,[],0.0,0.0,0.0,0.0001,0.0
-1,29200,AMETHYSTS,9996,1,9995.0,30.0,,,10004,1,10005.0,30.0,,,10000.0,0.0,[],-0.0001,0.0,-0.0001,0.0,0.0
-1,29300,AMETHYSTS,9996,2,9995.0,30.0,,,10002,3,10004.0,2.0,10005.0,30.0,9999.0,0.0,[],0.00020002000200020003,0.0,0.00010001000100010001,0.00010001000100010001,0.00020002000200020003
-1,29400,AMETHYSTS,10002,1,9996.0,1.0,9995.0,25.0,10004,1,10005.0,25.0,,,10003.0,0.0,"[('10002.0', '1')]",-0.00029991002699190244,-0.00019994001799460162,-0.0006498050584824553,-0.00029991002699190244,-0.00029991002699190244
-1,29500,AMETHYSTS,9996,2,9995.0,27.0,,,10004,2,10005.0,27.0,,,10000.0,0.0,[],0.0001,0.0001,0.0,-0.00035,0.0
-1,29600,AMETHYSTS,9996,2,9995.0,28.0,,,10004,2,10005.0,28.0,,,10000.0,0.0,[],0.0,-0.0001,0.0,0.0,0.0
-1,29700,AMETHYSTS,9996,1,9995.0,25.0,,,10002,4,10004.0,1.0,10005.0,25.0,9999.0,0.0,[],0.00010001000100010001,0.00010001000100010001,0.00010001000100010001,0.00010001000100010001,0.00020002000200020003
-1,29800,AMETHYSTS,9998,6,9996.0,1.0,9995.0,30.0,10004,1,10005.0,30.0,,,10001.0,0.0,[],-0.00019998000199980003,-9.999000099990002e-05,9.999000099990002e-05,-9.999000099990002e-05,-9.999000099990002e-05
-1,29900,AMETHYSTS,9995,21,,,,,10005,21,,,,,10000.0,0.0,[],0.0001,-0.0001,0.00015,-0.0001,0.00015
-1,30000,AMETHYSTS,9998,3,9996.0,1.0,9995.0,30.0,10004,1,10005.0,30.0,,,10001.0,0.0,"[('9998.0', '1'), ('9998.0', '3')]",0.0,9.999000099990002e-05,-9.999000099990002e-05,-9.999000099990002e-05,-9.999000099990002e-05
-1,30100,AMETHYSTS,9996,2,9995.0,28.0,,,10004,2,10005.0,28.0,,,10000.0,0.0,[],-0.0001,0.0,0.0,-0.0001,0.0
-1,30200,AMETHYSTS,9996,2,9995.0,20.0,,,10004,2,10005.0,20.0,,,10000.0,0.0,[],0.0,-0.0001,0.0,0.0,0.0
-1,30300,AMETHYSTS,9996,2,9995.0,29.0,,,10002,9,10004.0,2.0,10005.0,29.0,9999.0,0.0,[],0.00010001000100010001,0.00010001000100010001,0.00010001000100010001,-0.00025002500250025,-5.000500050005001e-05
-1,30400,AMETHYSTS,10000,5,9996.0,2.0,9995.0,29.0,10002,8,10004.0,2.0,10005.0,29.0,10001.0,0.0,[],-0.00019998000199980003,-0.00044995500449955,-9.999000099990002e-05,-9.999000099990002e-05,-0.00019998000199980003
-1,30500,AMETHYSTS,9998,5,9996.0,2.0,9995.0,20.0,10004,2,10005.0,20.0,,,10001.0,0.0,[],9.999000099990002e-05,-9.999000099990002e-05,0.0,0.00019998000199980003,-9.999000099990002e-05
-1,30600,AMETHYSTS,9996,2,9995.0,20.0,,,10002,4,10004.0,2.0,10005.0,20.0,9999.0,0.0,"[('10002.0', '1')]",0.00010001000100010001,0.00010001000100010001,0.00045004500450045,0.00010001000100010001,0.00040004000400040005
-1,30700,AMETHYSTS,9995,30,,,,,10005,30,,,,,10000.0,0.0,[],-0.0001,0.0,0.0,0.0001,0.0
-1,30800,AMETHYSTS,9996,1,9995.0,30.0,,,10004,1,10005.0,30.0,,,10000.0,0.0,[],0.0,0.0002,0.0,0.0,0.0003
-1,30900,AMETHYSTS,9996,2,9995.0,28.0,,,10002,6,10004.0,2.0,10005.0,28.0,9999.0,0.0,[],-0.00025002500250025,0.00025002500250025,0.00010001000100010001,0.00020002000200020003,0.00010001000100010001
-1,31000,AMETHYSTS,10000,4,9996.0,1.0,9995.0,22.0,10004,1,10005.0,22.0,,,10002.0,0.0,[],-0.0001999600079984003,-0.0001999600079984003,-0.0001999600079984003,-0.00034993001399720057,-0.0001999600079984003
-1,31100,AMETHYSTS,9996,2,9995.0,27.0,,,10004,2,10005.0,27.0,,,10000.0,0.0,[],0.0,0.0,0.0,0.0,0.0001
-1,31200,AMETHYSTS,9996,2,9995.0,29.0,,,10002,6,10004.0,2.0,10005.0,29.0,9999.0,0.0,[],0.00010001000100010001,0.00010001000100010001,0.0,0.00010001000100010001,0.00010001000100010001
-1,31300,AMETHYSTS,9996,1,9995.0,23.0,,,10004,1,10005.0,23.0,,,10000.0,0.0,[],0.0002,0.0,0.0,0.0001,0.0
-1,31400,AMETHYSTS,9995,26,,,,,9998,1,10005.0,26.0,,,9996.5,0.0,[],0.000500175061271445,0.0003501225428900115,0.0002500875306357225,0.0002500875306357225,0.000200070024508578
-1,31500,AMETHYSTS,9995,30,,,,,10005,30,,,,,10000.0,0.0,[],0.0,0.0001,0.0,0.0001,0.0
-1,31600,AMETHYSTS,9995,27,,,,,10005,27,,,,,10000.0,0.0,[],0.0,0.00035,0.00035,0.0,0.0001
-1,31700,AMETHYSTS,9996,2,9995.0,22.0,,,10004,2,10005.0,22.0,,,10000.0,0.0,[],0.0,0.0,-0.0001,0.00025,0.0
-1,31800,AMETHYSTS,10000,6,9996.0,1.0,9995.0,25.0,10004,1,10005.0,25.0,,,10002.0,0.0,[],-0.0001999600079984003,-0.0001999600079984003,-0.0001999600079984003,-0.0001999600079984003,-0.0001999600079984003
-1,31900,AMETHYSTS,9998,3,9995.0,28.0,,,10005,28,,,,,10001.5,0.0,"[('10005.0', '2')]",-0.00014997750337449384,-0.00014997750337449384,-0.00014997750337449384,-0.0004499325101234815,-0.00014997750337449384
-1,32000,AMETHYSTS,9996,1,9995.0,24.0,,,10004,1,10005.0,24.0,,,10000.0,0.0,[],0.0001,0.0,0.00035,0.0,0.00015
-1,32100,AMETHYSTS,9996,1,9995.0,28.0,,,10004,1,10005.0,28.0,,,10000.0,0.0,[],0.00035,0.0,0.0,0.0001,0.0
-1,32200,AMETHYSTS,9996,1,9995.0,27.0,,,10004,1,10005.0,27.0,,,10000.0,0.0,[],0.0,-0.0001,0.0,0.00035,0.0
-1,32300,AMETHYSTS,9995,25,,,,,10005,25,,,,,10000.0,0.0,[],0.0,0.0,0.0003,0.0,0.0003
-1,32400,AMETHYSTS,9996,1,9995.0,30.0,,,10004,1,10005.0,30.0,,,10000.0,0.0,[],0.0,-0.0001,0.0,0.0,0.0001
-1,32500,AMETHYSTS,9998,1,9996.0,1.0,9995.0,21.0,10004,1,10005.0,21.0,,,10001.0,0.0,[],-9.999000099990002e-05,-9.999000099990002e-05,-9.999000099990002e-05,-0.00024997500249975,-0.00039996000399960006
-1,32600,AMETHYSTS,10002,1,9995.0,30.0,,,10005,30,,,,,10003.5,0.0,"[('10005.0', '2'), ('10002.0', '1')]",-0.000349877542859999,0.0,-0.000349877542859999,-0.000349877542859999,-0.000449842555105713
-1,32700,AMETHYSTS,9996,2,9995.0,22.0,,,10004,2,10005.0,22.0,,,10000.0,0.0,[],-0.0001,-0.0001,0.00015,0.0,0.0
-1,32800,AMETHYSTS,9996,2,9995.0,28.0,,,10004,2,10005.0,28.0,,,10000.0,0.0,"[('9996.0', '2')]",0.0,0.0,0.0,0.0,0.0
-1,32900,AMETHYSTS,9996,2,9995.0,27.0,,,10004,2,10005.0,27.0,,,10000.0,0.0,[],-0.0001,0.0,0.0,0.0,0.0
-1,33000,AMETHYSTS,9996,2,9995.0,28.0,,,10004,2,10005.0,28.0,,,10000.0,0.0,"[('10002.0', '6')]",0.0,0.00035,0.00035,0.0,0.0003
-1,33100,AMETHYSTS,9996,1,9995.0,28.0,,,10004,1,10005.0,28.0,,,10000.0,0.0,[],0.00035,0.0,0.0003,0.0,0.0
-1,33200,AMETHYSTS,9996,1,9995.0,20.0,,,10002,7,10004.0,1.0,10005.0,20.0,9999.0,0.0,[],0.0,0.00010001000100010001,0.0,0.00010001000100010001,0.00010001000100010001
-1,33300,AMETHYSTS,9996,1,9995.0,20.0,,,10004,1,10005.0,20.0,,,10000.0,0.0,[],0.0,0.0003,0.0001,0.0,0.0
-1,33400,AMETHYSTS,9996,2,9995.0,30.0,,,10002,3,10004.0,2.0,10005.0,30.0,9999.0,0.0,[],0.00010001000100010001,0.00010001000100010001,0.00045004500450045,0.00010001000100010001,0.00020002000200020003
-1,33500,AMETHYSTS,9996,1,9995.0,20.0,,,10004,1,10005.0,20.0,,,10000.0,0.0,"[('10004.0', '1')]",0.00035,0.0,0.0,0.00015,-0.0001
-1,33600,AMETHYSTS,10002,6,9995.0,27.0,,,10005,27,,,,,10003.5,0.0,"[('10002.0', '6')]",-0.000349877542859999,-0.000349877542859999,-0.000349877542859999,-0.000449842555105713,-0.000699755085719998
-1,33700,AMETHYSTS,9996,1,9995.0,27.0,,,10002,1,10004.0,1.0,10005.0,27.0,9999.0,0.0,[],0.00010001000100010001,0.00025002500250025,0.00010001000100010001,0.00010001000100010001,0.00025002500250025
-1,33800,AMETHYSTS,9996,1,9995.0,25.0,,,10004,1,10005.0,25.0,,,10000.0,0.0,[],0.0003,0.0,0.0001,0.0,0.00035
-1,33900,AMETHYSTS,9995,24,,,,,10005,24,,,,,10000.0,0.0,[],0.0,0.0,0.0,0.0003,0.0
-1,34000,AMETHYSTS,10002,1,9995.0,30.0,,,10005,30,,,,,10003.5,0.0,[],-0.000349877542859999,0.0,-0.00049982506122857,-0.000349877542859999,-0.000249912530614285
-1,34100,AMETHYSTS,9996,1,9995.0,22.0,,,10004,1,10005.0,22.0,,,10000.0,0.0,"[('9996.0', '1'), ('9996.0', '2')]",0.0,0.0003,0.0003,-0.00035,0.0001
-1,34200,AMETHYSTS,9995,23,,,,,10005,23,,,,,10000.0,0.0,[],0.00015,-0.0001,-0.0003,0.0,0.0
-1,34300,AMETHYSTS,10002,1,9996.0,1.0,9995.0,22.0,10004,1,10005.0,22.0,,,10003.0,0.0,"[('10002.0', '1')]",-0.00029991002699190244,-0.00019994001799460162,-0.00029991002699190244,-0.00029991002699190244,-0.00029991002699190244
-1,34400,AMETHYSTS,9996,2,9995.0,23.0,,,10004,2,10005.0,23.0,,,10000.0,0.0,[],0.0,0.00035,0.0001,0.00015,0.0
-1,34500,AMETHYSTS,9995,30,,,,,10005,30,,,,,10000.0,0.0,[],0.00035,0.0,0.0,0.0,0.0
-1,34600,AMETHYSTS,9995,29,,,,,10005,29,,,,,10000.0,0.0,[],0.0003,0.0,0.0,0.0,0.00035
-1,34700,AMETHYSTS,9998,6,9995.0,24.0,,,10005,24,,,,,10001.5,0.0,[],-0.00024996250562415637,-0.00014997750337449384,-0.00014997750337449384,-0.0002999550067489877,-0.00014997750337449384
-1,34800,AMETHYSTS,9996,2,9995.0,23.0,,,10004,2,10005.0,23.0,,,10000.0,0.0,[],0.0001,0.0001,0.0,-0.00035,0.00015
-1,34900,AMETHYSTS,9996,1,9995.0,20.0,,,10004,1,10005.0,20.0,,,10000.0,0.0,[],0.00035,0.0,0.0,0.0,-0.0001
-1,35000,AMETHYSTS,10002,1,9995.0,20.0,,,10005,20,,,,,10003.5,0.0,"[('10002.0', '1')]",-0.000349877542859999,-0.00049982506122857,-0.000349877542859999,-4.9982506122857e-05,-0.000449842555105713
-1,35100,AMETHYSTS,10002,3,9996.0,2.0,9995.0,29.0,10004,2,10005.0,29.0,,,10003.0,0.0,"[('10002.0', '3')]",-0.00029991002699190244,0.0,-0.00029991002699190244,-0.00029991002699190244,-0.00029991002699190244
-1,35200,AMETHYSTS,9996,2,9995.0,28.0,,,10002,10,10004.0,2.0,10005.0,28.0,9999.0,0.0,[],0.00010001000100010001,-0.00020002000200020003,0.00010001000100010001,0.00010001000100010001,0.00010001000100010001
-1,35300,AMETHYSTS,9998,6,9996.0,1.0,9995.0,27.0,10004,1,10005.0,27.0,,,10001.0,0.0,[],0.0,-9.999000099990002e-05,-0.00039996000399960006,-9.999000099990002e-05,-0.00039996000399960006
-1,35400,AMETHYSTS,10002,3,9995.0,25.0,,,10005,25,,,,,10003.5,0.0,"[('10002.0', '3')]",-0.000349877542859999,-0.000249912530614285,0.0,-0.000649772579597141,-0.000249912530614285
-1,35500,AMETHYSTS,9996,2,9995.0,26.0,,,10004,2,10005.0,26.0,,,10000.0,0.0,[],-0.00015,0.0,0.0,-0.0002,-0.00015
-1,35600,AMETHYSTS,9995,26,,,,,10005,26,,,,,10000.0,0.0,[],0.0003,0.0,-0.00015,-0.00015,0.0
-1,35700,AMETHYSTS,9996,2,9995.0,27.0,,,10004,2,10005.0,27.0,,,10000.0,0.0,[],-0.0003,0.0,0.0,0.0,0.0
-1,35800,AMETHYSTS,9998,7,9996.0,1.0,9995.0,30.0,10004,1,10005.0,30.0,,,10001.0,0.0,[],-9.999000099990002e-05,-9.999000099990002e-05,-9.999000099990002e-05,-9.999000099990002e-05,0.0
-1,35900,AMETHYSTS,9996,2,9995.0,21.0,,,10004,2,10005.0,21.0,,,10000.0,0.0,[],0.0001,0.0,0.0,0.0,0.0
-1,36000,AMETHYSTS,9995,30,,,,,10002,5,10005.0,30.0,,,9998.5,0.0,[],0.00015002250337550632,0.00015002250337550632,0.000450067510126519,0.00015002250337550632,5.000750112516878e-05
-1,36100,AMETHYSTS,10002,8,9996.0,2.0,9995.0,24.0,10004,2,10005.0,24.0,,,10003.0,0.0,"[('10002.0', '1')]",-0.00029991002699190244,-0.00029991002699190244,-0.00039988003598920324,-0.00019994001799460162,-0.00029991002699190244
-1,36200,AMETHYSTS,9996,1,9995.0,29.0,,,9998,1,10004.0,1.0,10005.0,29.0,9997.0,0.0,"[('9998.0', '1')]",0.00030009002700810244,0.00030009002700810244,0.00030009002700810244,0.00040012003601080324,0.00030009002700810244
-1,36300,AMETHYSTS,9996,1,9995.0,21.0,,,10004,1,10005.0,21.0,,,10000.0,0.0,[],0.0,-0.0003,0.00015,0.0,0.0003
-1,36400,AMETHYSTS,9998,1,9996.0,1.0,9995.0,20.0,10004,1,10005.0,20.0,,,10001.0,0.0,[],-9.999000099990002e-05,0.00024997500249975,-0.00029997000299970003,-9.999000099990002e-05,-9.999000099990002e-05
-1,36500,AMETHYSTS,9995,25,,,,,10005,25,,,,,10000.0,0.0,[],0.0,0.0,0.00035,0.0002,0.0
-1,36600,AMETHYSTS,9996,1,9995.0,28.0,,,10004,1,10005.0,28.0,,,10000.0,0.0,[],0.0,-0.00015,0.0,0.0001,-0.0001
-1,36700,AMETHYSTS,9995,21,,,,,10005,21,,,,,10000.0,0.0,[],0.0,0.0,0.0,0.0,-0.0001
-1,36800,AMETHYSTS,9995,30,,,,,10005,30,,,,,10000.0,0.0,[],-0.0003,0.0,-0.0001,0.0,0.0003
-1,36900,AMETHYSTS,9996,1,9995.0,26.0,,,10004,1,10005.0,26.0,,,10000.0,0.0,[],0.00035,0.0,0.0,0.0,0.0
-1,37000,AMETHYSTS,9996,2,9995.0,23.0,,,10004,2,10005.0,23.0,,,10000.0,0.0,[],0.0,0.0003,-0.00015,0.0,0.0
-1,37100,AMETHYSTS,9996,2,9995.0,21.0,,,10004,2,10005.0,21.0,,,10000.0,0.0,[],-0.00015,-0.0001,0.0001,-0.0003,0.0
-1,37200,AMETHYSTS,9996,1,9995.0,20.0,,,10004,1,10005.0,20.0,,,10000.0,0.0,[],0.0,0.0,0.0,0.0003,0.0003
-1,37300,AMETHYSTS,9996,1,9995.0,27.0,,,9998,10,10002.0,4.0,10004.0,1.0,9997.0,0.0,[],0.00030009002700810244,0.00045013504051215364,0.00030009002700810244,0.0006501950585175553,0.00020006001800540162
-1,37400,AMETHYSTS,10002,1,9998.0,2.0,9995.0,30.0,10005,30,,,,,10003.5,0.0,[],-0.000349877542859999,-0.000549807567351427,-0.000349877542859999,-0.00049982506122857,-0.000349877542859999
-1,37500,AMETHYSTS,9996,2,9995.0,25.0,,,10004,2,10005.0,25.0,,,10000.0,0.0,"[('9996.0', '1')]",0.0003,0.00035,-0.00035,-0.00015,0.0001
-1,37600,AMETHYSTS,9995,22,,,,,10002,7,10005.0,22.0,,,9998.5,0.0,[],5.000750112516878e-05,0.00015002250337550632,0.00015002250337550632,0.00015002250337550632,0.00015002250337550632
-1,37700,AMETHYSTS,9996,1,9995.0,23.0,,,10004,1,10005.0,23.0,,,10000.0,0.0,[],0.0,0.0,0.0,-0.0001,0.0
-1,37800,AMETHYSTS,9995,25,,,,,10005,25,,,,,10000.0,0.0,[],0.00015,-0.0001,0.0,-0.0001,0.0001
-1,37900,AMETHYSTS,9995,25,,,,,10005,25,,,,,10000.0,0.0,[],-0.0002,0.0,-0.0001,0.00035,-0.0003
-1,38000,AMETHYSTS,10002,1,9996.0,2.0,9995.0,30.0,10004,2,10005.0,30.0,,,10003.0,0.0,[],4.9985004498650404e-05,-0.00044986504048785366,-0.00029991002699190244,-0.00029991002699190244,-0.0005998200539838049
-1,38100,AMETHYSTS,9996,2,9995.0,26.0,,,10002,2,10004.0,2.0,10005.0,26.0,9999.0,0.0,[],0.00010001000100010001,0.00020002000200020003,0.0,-5.000500050005001e-05,0.00010001000100010001
-1,38200,AMETHYSTS,9996,1,9995.0,27.0,,,10004,1,10005.0,27.0,,,10000.0,0.0,[],0.0,0.0,0.0,0.00015,0.0
-1,38300,AMETHYSTS,9998,5,9995.0,26.0,,,10005,26,,,,,10001.5,0.0,[],-0.00024996250562415637,-0.00014997750337449384,-0.0004999250112483127,-0.0004499325101234815,-0.00014997750337449384
-1,38400,AMETHYSTS,9996,1,9995.0,23.0,,,10000,6,10004.0,1.0,10005.0,23.0,9998.0,0.0,[],0.00020004000800160032,0.00020004000800160032,0.00020004000800160032,5.001000200040008e-05,0.00020004000800160032
-1,38500,AMETHYSTS,10002,1,9995.0,21.0,,,10005,21,,,,,10003.5,0.0,"[('10002.0', '1')]",-0.00049982506122857,-0.000699755085719998,-4.9982506122857e-05,-0.000699755085719998,-0.00049982506122857
-1,38600,AMETHYSTS,9996,2,9995.0,28.0,,,10004,2,10005.0,28.0,,,10000.0,0.0,"[('9996.0', '1')]",0.0001,0.0,0.0,0.0,0.00035
-1,38700,AMETHYSTS,9995,20,,,,,10005,20,,,,,10000.0,0.0,[],0.0,0.0,0.0001,0.0,0.0
-1,38800,AMETHYSTS,9996,1,9995.0,20.0,,,10002,1,10004.0,1.0,10005.0,20.0,9999.0,0.0,"[('9996.0', '1')]",0.00010001000100010001,0.00010001000100010001,0.00010001000100010001,0.00010001000100010001,-5.000500050005001e-05
-1,38900,AMETHYSTS,9996,2,9995.0,30.0,,,10004,2,10005.0,30.0,,,10000.0,0.0,[],0.0,-0.0001,0.0001,0.0,0.0
-1,39000,AMETHYSTS,9995,23,,,,,10002,9,10005.0,23.0,,,9998.5,0.0,[],-0.0002000300045006751,0.00015002250337550632,0.0,0.00015002250337550632,0.00015002250337550632
-1,39100,AMETHYSTS,9998,8,9996.0,1.0,9995.0,24.0,10004,1,10005.0,24.0,,,10001.0,0.0,[],-9.999000099990002e-05,-0.00019998000199980003,-9.999000099990002e-05,-9.999000099990002e-05,-9.999000099990002e-05
-1,39200,AMETHYSTS,9996,1,9995.0,29.0,,,10004,1,10005.0,29.0,,,10000.0,0.0,"[('9998.0', '1')]",0.0,0.0,0.0,0.0,0.0001
-1,39300,AMETHYSTS,9995,27,,,,,10005,27,,,,,10000.0,0.0,[],0.0,-0.00035,0.0001,0.0001,0.0
-1,39400,AMETHYSTS,9996,1,9995.0,30.0,,,10004,1,10005.0,30.0,,,10000.0,0.0,"[('10004.0', '1')]",-0.0001,0.0,-0.0001,0.0,0.0
-1,39500,AMETHYSTS,9995,27,,,,,9998,1,10002.0,2.0,10005.0,27.0,9996.5,0.0,"[('9998.0', '1')]",0.0003501225428900115,0.0006502275796528785,0.0004501575551443005,0.0003501225428900115,0.000700245085780023
-1,39600,AMETHYSTS,9995,23,,,,,10005,23,,,,,10000.0,0.0,[],-0.0001,0.0,0.0,0.0,0.0
-1,39700,AMETHYSTS,9996,2,9995.0,22.0,,,10004,2,10005.0,22.0,,,10000.0,0.0,[],0.0,0.0001,0.00025,0.0001,0.0
-1,39800,AMETHYSTS,9996,1,9995.0,27.0,,,10004,1,10005.0,27.0,,,10000.0,0.0,[],-0.00035,0.0,0.0,0.0,0.0
-1,39900,AMETHYSTS,9996,1,9995.0,30.0,,,10002,4,10004.0,1.0,10005.0,30.0,9999.0,0.0,[],0.00010001000100010001,0.00020002000200020003,-0.00020002000200020003,0.00025002500250025,0.0
-1,40000,AMETHYSTS,9995,22,,,,,10005,22,,,,,10000.0,0.0,[],0.0003,-0.00015,0.0,0.0,0.00015
-1,40100,AMETHYSTS,9996,2,9995.0,29.0,,,10002,8,10004.0,2.0,10005.0,29.0,9999.0,0.0,[],0.00010001000100010001,0.00010001000100010001,0.00020002000200020003,0.00010001000100010001,0.00010001000100010001
-1,40200,AMETHYSTS,9996,1,9995.0,28.0,,,10004,1,10005.0,28.0,,,10000.0,0.0,[],0.0001,0.0,0.00035,0.0,0.0
-1,40300,AMETHYSTS,9995,22,,,,,9998,1,10005.0,22.0,,,9996.5,0.0,[],0.0003501225428900115,0.0004501575551443005,0.0003501225428900115,0.000200070024508578,0.0003501225428900115
-1,40400,AMETHYSTS,9996,1,9995.0,23.0,,,10004,1,10005.0,23.0,,,10000.0,0.0,[],0.0001,-0.0001,0.0,-0.0001,-0.0003
-1,40500,AMETHYSTS,10002,1,9996.0,2.0,9995.0,27.0,10004,2,10005.0,27.0,,,10003.0,0.0,[],-0.00044986504048785366,-0.00019994001799460162,-0.00044986504048785366,-0.00029991002699190244,-0.00029991002699190244
-1,40600,AMETHYSTS,9996,2,9995.0,24.0,,,10004,2,10005.0,24.0,,,10000.0,0.0,[],0.0,0.0,0.0,0.0003,0.0
-1,40700,AMETHYSTS,9998,7,9996.0,2.0,9995.0,20.0,10004,2,10005.0,20.0,,,10001.0,0.0,[],-9.999000099990002e-05,0.00014998500149985002,-9.999000099990002e-05,-9.999000099990002e-05,-9.999000099990002e-05
-1,40800,AMETHYSTS,9995,27,,,,,10005,27,,,,,10000.0,0.0,[],0.0001,0.0,0.0,0.0003,0.0003
-1,40900,AMETHYSTS,9998,10,9996.0,2.0,9995.0,26.0,10004,2,10005.0,26.0,,,10001.0,0.0,"[('10004.0', '1'), ('10004.0', '8'), ('10004.0', '2')]",-0.00019998000199980003,-0.00039996000399960006,-9.999000099990002e-05,-9.999000099990002e-05,-9.999000099990002e-05
-1,41000,AMETHYSTS,9995,21,,,,,10002,10,10005.0,21.0,,,9998.5,0.0,[],0.00025003750562584387,0.00015002250337550632,0.00015002250337550632,0.00015002250337550632,0.00015002250337550632
-1,41100,AMETHYSTS,9995,27,,,,,10005,27,,,,,10000.0,0.0,[],0.0,0.0001,0.0,0.0001,0.0
-1,41200,AMETHYSTS,9995,29,,,,,10005,29,,,,,10000.0,0.0,[],0.00025,0.00035,0.0,0.0,-0.0001
-1,41300,AMETHYSTS,9998,2,9996.0,1.0,9995.0,24.0,10004,1,10005.0,24.0,,,10001.0,0.0,[],-9.999000099990002e-05,-9.999000099990002e-05,-9.999000099990002e-05,-9.999000099990002e-05,-9.999000099990002e-05
-1,41400,AMETHYSTS,9998,5,9996.0,2.0,9995.0,23.0,10000,4,10004.0,2.0,10005.0,23.0,9999.0,0.0,[],-0.00020002000200020003,0.00010001000100010001,0.00010001000100010001,-5.000500050005001e-05,0.00010001000100010001
-1,41500,AMETHYSTS,9998,8,9996.0,2.0,9995.0,20.0,10004,2,10005.0,20.0,,,10001.0,0.0,[],-9.999000099990002e-05,-0.00024997500249975,4.999500049995001e-05,-9.999000099990002e-05,-9.999000099990002e-05
-1,41600,AMETHYSTS,9996,1,9995.0,22.0,,,10004,1,10005.0,22.0,,,10000.0,0.0,[],0.0001,0.0,-0.0001,0.0001,0.0
-1,41700,AMETHYSTS,10000,5,9995.0,21.0,,,10005,21,,,,,10002.5,0.0,[],9.997500624843789e-05,-0.00024993751562109475,-0.00024993751562109475,-0.00024993751562109475,-0.00024993751562109475
-1,41800,AMETHYSTS,9996,2,9995.0,22.0,,,10004,2,10005.0,22.0,,,10000.0,0.0,[],0.0,0.0,0.0,0.0,0.0
-1,41900,AMETHYSTS,9996,1,9995.0,21.0,,,9998,4,10004.0,1.0,10005.0,21.0,9997.0,0.0,[],0.00030009002700810244,0.00030009002700810244,0.0006001800540162049,0.00030009002700810244,-5.0015004501350405e-05
-1,42000,AMETHYSTS,9996,2,9995.0,30.0,,,10004,2,10005.0,30.0,,,10000.0,0.0,[],-0.00015,0.0,0.0,0.00015,0.0
-1,42100,AMETHYSTS,9998,8,9996.0,2.0,9995.0,21.0,10004,2,10005.0,21.0,,,10001.0,0.0,[],-9.999000099990002e-05,-9.999000099990002e-05,-0.00044995500449955,-9.999000099990002e-05,-9.999000099990002e-05
-1,42200,AMETHYSTS,10002,1,9995.0,28.0,,,10005,28,,,,,10003.5,0.0,[],-0.000349877542859999,-0.000349877542859999,-0.000349877542859999,-0.000349877542859999,-0.00049982506122857
-1,42300,AMETHYSTS,9995,20,,,,,10005,20,,,,,10000.0,0.0,[],0.0,0.0,0.0,0.0003,0.0
-1,42400,AMETHYSTS,9996,2,9995.0,29.0,,,10004,2,10005.0,29.0,,,10000.0,0.0,[],0.0,0.0,0.00015,0.0001,0.0
-1,42500,AMETHYSTS,9995,24,,,,,10002,3,10005.0,24.0,,,9998.5,0.0,"[('10002.0', '1'), ('10002.0', '3')]",0.00015002250337550632,0.00030004500675101265,0.00015002250337550632,-0.00015002250337550632,0.00015002250337550632
-1,42600,AMETHYSTS,9995,26,,,,,10005,26,,,,,10000.0,0.0,"[('9995.0', '2')]",0.0,-0.0001,0.0,-0.0001,0.0
-1,42700,AMETHYSTS,9995,26,,,,,10005,26,,,,,10000.0,0.0,[],0.0,0.0,-0.00015,0.0,0.0
-1,42800,AMETHYSTS,9995,30,,,,,10005,30,,,,,10000.0,0.0,[],0.0,0.0,-0.00035,0.0,0.0
-1,42900,AMETHYSTS,9995,25,,,,,10005,25,,,,,10000.0,0.0,"[('10005.0', '2')]",0.0,0.0003,0.0,0.0,-0.0003
-1,43000,AMETHYSTS,9995,23,,,,,10005,23,,,,,10000.0,0.0,[],0.00015,0.0,0.0003,0.0003,0.0
-1,43100,AMETHYSTS,9995,21,,,,,10005,21,,,,,10000.0,0.0,[],-0.0001,-0.00035,0.0,0.0,0.0
-1,43200,AMETHYSTS,9996,1,9995.0,20.0,,,10004,1,10005.0,20.0,,,10000.0,0.0,[],0.0,0.0,0.0,0.0,0.0
-1,43300,AMETHYSTS,9996,1,9995.0,24.0,,,10004,1,10005.0,24.0,,,10000.0,0.0,[],0.0,0.0,0.0,0.0,0.0
-1,43400,AMETHYSTS,9996,2,9995.0,22.0,,,10004,2,10005.0,22.0,,,10000.0,0.0,[],0.0003,0.00015,-0.0003,0.0001,0.0
-1,43500,AMETHYSTS,9998,7,9995.0,23.0,,,10005,23,,,,,10001.5,0.0,[],-0.00014997750337449384,-0.00014997750337449384,-0.00034994750787381893,-0.00024996250562415637,0.0
-1,43600,AMETHYSTS,9996,2,9995.0,21.0,,,10002,9,10004.0,2.0,10005.0,21.0,9999.0,0.0,[],-0.00025002500250025,0.00010001000100010001,-5.000500050005001e-05,-0.00025002500250025,0.00010001000100010001
-1,43700,AMETHYSTS,9996,1,9995.0,23.0,,,10004,1,10005.0,23.0,,,10000.0,0.0,[],0.0,-0.00015,0.0,0.00015,-0.0001
-1,43800,AMETHYSTS,9996,2,9995.0,26.0,,,10004,2,10005.0,26.0,,,10000.0,0.0,[],0.0,-0.00035,0.0,0.00035,0.0
-1,43900,AMETHYSTS,10002,4,9998.0,2.0,9996.0,1.0,10004,1,10005.0,29.0,,,10003.0,0.0,"[('10002.0', '4')]",-0.00014995501349595122,-0.00029991002699190244,-0.00029991002699190244,-0.00029991002699190244,-0.00029991002699190244
-1,44000,AMETHYSTS,9996,2,9995.0,20.0,,,10004,2,10005.0,20.0,,,10000.0,0.0,[],0.0,0.0003,0.0,0.0001,0.00015
-1,44100,AMETHYSTS,9995,24,,,,,9998,1,10002.0,2.0,10005.0,24.0,9996.5,0.0,[],0.0003501225428900115,0.0003501225428900115,0.0004501575551443005,0.0004501575551443005,0.000200070024508578
-1,44200,AMETHYSTS,9995,21,,,,,10005,21,,,,,10000.0,0.0,[],-0.00015,0.0,0.0001,0.0,0.0
-1,44300,AMETHYSTS,9995,27,,,,,10005,27,,,,,10000.0,0.0,[],-0.00035,0.0,0.0,0.0,0.0001
-1,44400,AMETHYSTS,9998,7,9995.0,28.0,,,10005,28,,,,,10001.5,0.0,[],-0.00014997750337449384,-0.0004499325101234815,-0.00014997750337449384,-0.00014997750337449384,-4.999250112483127e-05
-1,44500,AMETHYSTS,9995,21,,,,,10005,21,,,,,10000.0,0.0,[],0.0003,-0.0002,0.0002,0.0,0.0001
-1,44600,AMETHYSTS,9996,1,9995.0,23.0,,,10004,1,10005.0,23.0,,,10000.0,0.0,[],0.0,-0.00015,0.0001,0.00035,0.0
-1,44700,AMETHYSTS,9995,29,,,,,10002,10,10005.0,29.0,,,9998.5,0.0,[],0.00015002250337550632,0.00015002250337550632,0.00015002250337550632,0.00015002250337550632,0.00015002250337550632
-1,44800,AMETHYSTS,9995,29,,,,,9998,1,10002.0,10.0,10005.0,29.0,9996.5,0.0,"[('9998.0', '1')]",0.0003501225428900115,0.0003501225428900115,0.0003501225428900115,0.000500175061271445,0.0003501225428900115
-1,44900,AMETHYSTS,9996,1,9995.0,25.0,,,10004,1,10005.0,25.0,,,10000.0,0.0,[],-0.0003,0.0,0.0,-0.0001,0.0
-1,45000,AMETHYSTS,10002,1,9996.0,2.0,9995.0,24.0,10004,2,10005.0,24.0,,,10003.0,0.0,"[('10002.0', '1')]",-0.000499850044986504,-0.00029991002699190244,-0.00029991002699190244,-0.00039988003598920324,-0.0006498050584824553
-1,45100,AMETHYSTS,9996,1,9995.0,26.0,,,10004,1,10005.0,26.0,,,10000.0,0.0,[],-0.00015,0.0001,-0.0003,0.0,0.0
-1,45200,AMETHYSTS,9996,1,9995.0,28.0,,,10004,1,10005.0,28.0,,,10000.0,0.0,[],0.0,0.0001,0.0003,0.0,0.00015
-1,45300,AMETHYSTS,9995,22,,,,,10005,22,,,,,10000.0,0.0,[],0.0,0.0,0.00035,-0.0003,-0.00015
-1,45400,AMETHYSTS,9996,2,9995.0,21.0,,,9998,1,10004.0,2.0,10005.0,21.0,9997.0,0.0,[],0.00030009002700810244,0.00030009002700810244,0.00015004501350405122,0.00040012003601080324,0.00010003000900270081
-1,45500,AMETHYSTS,9996,1,9995.0,24.0,,,10000,3,10004.0,1.0,10005.0,24.0,9998.0,0.0,[],0.00020004000800160032,0.00040008001600320064,5.001000200040008e-05,5.001000200040008e-05,0.00020004000800160032
-1,45600,AMETHYSTS,9995,26,,,,,10002,5,10005.0,26.0,,,9998.5,0.0,[],0.00025003750562584387,0.00025003750562584387,0.00015002250337550632,0.00015002250337550632,0.00030004500675101265
-1,45700,AMETHYSTS,9995,24,,,,,10005,24,,,,,10000.0,0.0,[],0.0001,0.0,-0.0001,0.0,0.0
-1,45800,AMETHYSTS,9996,1,9995.0,27.0,,,10004,1,10005.0,27.0,,,10000.0,0.0,[],0.0,0.0,-0.0001,0.0001,0.00015
-1,45900,AMETHYSTS,9996,1,9995.0,30.0,,,10004,1,10005.0,30.0,,,10000.0,0.0,"[('10004.0', '1'), ('10004.0', '1')]",0.0,0.0,0.00035,0.0,0.0
-1,46000,AMETHYSTS,9996,2,9995.0,24.0,,,10004,2,10005.0,24.0,,,10000.0,0.0,[],0.0002,0.0,0.0,-0.0001,0.0001
-1,46100,AMETHYSTS,9998,6,9996.0,2.0,9995.0,23.0,10004,2,10005.0,23.0,,,10001.0,0.0,[],0.0,-0.00039996000399960006,-0.00024997500249975,-9.999000099990002e-05,-0.00039996000399960006
-1,46200,AMETHYSTS,9998,2,9996.0,1.0,9995.0,27.0,10004,1,10005.0,27.0,,,10001.0,0.0,[],-9.999000099990002e-05,0.00019998000199980003,4.999500049995001e-05,-9.999000099990002e-05,0.00024997500249975
-1,46300,AMETHYSTS,9996,2,9995.0,27.0,,,10004,2,10005.0,27.0,,,10000.0,0.0,[],0.0,0.00035,-0.0003,0.0003,0.0
-1,46400,AMETHYSTS,9995,22,,,,,10005,22,,,,,10000.0,0.0,[],0.0,-0.00015,-0.00015,0.0,-0.00035
-1,46500,AMETHYSTS,10000,6,9996.0,1.0,9995.0,30.0,10004,1,10005.0,30.0,,,10002.0,0.0,[],-0.0001999600079984003,-0.00034993001399720057,-0.0005498900219956009,-0.0001999600079984003,-0.0001999600079984003
-1,46600,AMETHYSTS,9998,10,9996.0,1.0,9995.0,27.0,10004,1,10005.0,27.0,,,10001.0,0.0,"[('9998.0', '2')]",-0.00039996000399960006,-9.999000099990002e-05,-9.999000099990002e-05,-0.00019998000199980003,-9.999000099990002e-05
-1,46700,AMETHYSTS,9995,26,,,,,10005,26,,,,,10000.0,0.0,[],0.0003,-0.0001,0.0,-0.0001,0.00015
-1,46800,AMETHYSTS,9996,1,9995.0,21.0,,,10004,1,10005.0,21.0,,,10000.0,0.0,[],0.00035,-0.0001,0.0,0.0003,0.0
-1,46900,AMETHYSTS,9996,2,9995.0,30.0,,,10004,2,10005.0,30.0,,,10000.0,0.0,[],-0.00015,0.00035,0.0,0.0,0.00015
-1,47000,AMETHYSTS,9996,1,9995.0,20.0,,,10004,1,10005.0,20.0,,,10000.0,0.0,[],-0.00015,0.0,0.0,0.0,0.0
-1,47100,AMETHYSTS,9996,2,9995.0,24.0,,,9998,1,10004.0,2.0,10005.0,24.0,9997.0,0.0,"[('9998.0', '1')]",0.00030009002700810244,0.00015004501350405122,0.00030009002700810244,0.00030009002700810244,0.00030009002700810244
-1,47200,AMETHYSTS,10002,1,9996.0,2.0,9995.0,28.0,10004,2,10005.0,28.0,,,10003.0,0.0,[],-0.00039988003598920324,-0.00014995501349595122,-0.00029991002699190244,0.0,-0.00039988003598920324
-1,47300,AMETHYSTS,10002,1,9998.0,3.0,9995.0,25.0,10005,25,,,,,10003.5,0.0,[],-0.000449842555105713,-0.000649772579597141,-0.000249912530614285,-0.000449842555105713,-0.000699755085719998
-1,47400,AMETHYSTS,9995,24,,,,,10002,9,10005.0,24.0,,,9998.5,0.0,[],0.0005000750112516877,0.0,0.00015002250337550632,0.00015002250337550632,0.00025003750562584387
-1,47500,AMETHYSTS,9995,30,,,,,10002,1,10005.0,30.0,,,9998.5,0.0,"[('10002.0', '4')]",0.00015002250337550632,-0.0002000300045006751,0.00015002250337550632,0.00025003750562584387,0.00015002250337550632
-1,47600,AMETHYSTS,9996,1,9995.0,27.0,,,10004,1,10005.0,27.0,,,10000.0,0.0,[],-0.00015,0.0,0.0,0.0,0.0
-1,47700,AMETHYSTS,9996,1,9995.0,22.0,,,10002,8,10004.0,1.0,10005.0,22.0,9999.0,0.0,[],0.00025002500250025,0.00010001000100010001,0.00020002000200020003,0.00010001000100010001,0.00010001000100010001
-1,47800,AMETHYSTS,9996,1,9995.0,22.0,,,10002,8,10004.0,1.0,10005.0,22.0,9999.0,0.0,[],-0.00020002000200020003,0.00010001000100010001,0.00010001000100010001,0.00020002000200020003,0.00025002500250025
-1,47900,AMETHYSTS,10002,1,9995.0,27.0,,,10005,27,,,,,10003.5,0.0,[],-0.00049982506122857,-0.000349877542859999,-0.000199930024491428,-0.000649772579597141,-0.000349877542859999
-1,48000,AMETHYSTS,9995,27,,,,,10005,27,,,,,10000.0,0.0,[],-0.00035,0.0,0.0,-0.0003,0.0
-1,48100,AMETHYSTS,9995,21,,,,,10002,9,10005.0,21.0,,,9998.5,0.0,"[('9995.0', '2')]",0.00015002250337550632,0.00015002250337550632,0.00015002250337550632,0.00015002250337550632,0.00015002250337550632
-1,48200,AMETHYSTS,9998,5,9995.0,25.0,,,10005,25,,,,,10001.5,0.0,[],-0.00014997750337449384,-0.00014997750337449384,-0.00014997750337449384,-0.00014997750337449384,-0.00014997750337449384
-1,48300,AMETHYSTS,9996,1,9995.0,28.0,,,9998,1,10000.0,5.0,10004.0,1.0,9997.0,0.0,[],0.00030009002700810244,0.00040012003601080324,0.00015004501350405122,0.00030009002700810244,0.00030009002700810244
-1,48400,AMETHYSTS,9995,27,,,,,10002,7,10005.0,27.0,,,9998.5,0.0,[],0.00015002250337550632,0.00015002250337550632,5.000750112516878e-05,0.00015002250337550632,0.00015002250337550632
-1,48500,AMETHYSTS,9995,29,,,,,9998,1,10005.0,29.0,,,9996.5,0.0,[],0.0003501225428900115,0.0003501225428900115,0.0003501225428900115,0.000200070024508578,0.000200070024508578
-1,48600,AMETHYSTS,9996,1,9995.0,28.0,,,10004,1,10005.0,28.0,,,10000.0,0.0,"[('9996.0', '1')]",0.0,0.0,0.0003,0.00035,0.0
-1,48700,AMETHYSTS,9996,1,9995.0,22.0,,,10004,1,10005.0,22.0,,,10000.0,0.0,[],0.0,0.0001,0.0,0.0,0.0
-1,48800,AMETHYSTS,9996,1,9995.0,23.0,,,10004,1,10005.0,23.0,,,10000.0,0.0,[],0.0001,0.0,0.0003,-0.00015,-0.00035
-1,48900,AMETHYSTS,9995,27,,,,,10005,27,,,,,10000.0,0.0,[],0.0,0.00015,0.0,0.0,0.0
-1,49000,AMETHYSTS,9996,2,9995.0,30.0,,,10004,2,10005.0,30.0,,,10000.0,0.0,[],0.0,0.0,0.0,0.0,0.0
-1,49100,AMETHYSTS,9996,2,9995.0,30.0,,,10004,2,10005.0,30.0,,,10000.0,0.0,[],0.0,0.0,0.0001,0.0,0.0001
-1,49200,AMETHYSTS,9996,1,9995.0,20.0,,,10004,1,10005.0,20.0,,,10000.0,0.0,[],0.0001,0.0,0.0,0.0001,0.0
-1,49300,AMETHYSTS,9998,9,9996.0,1.0,9995.0,21.0,10004,1,10005.0,21.0,,,10001.0,0.0,[],-9.999000099990002e-05,-0.00024997500249975,-9.999000099990002e-05,-9.999000099990002e-05,-0.00044995500449955
-1,49400,AMETHYSTS,9995,20,,,,,10005,20,,,,,10000.0,0.0,[],0.00015,-0.0001,-0.00015,0.0,0.0003
-1,49500,AMETHYSTS,9996,2,9995.0,30.0,,,10004,2,10005.0,30.0,,,10000.0,0.0,[],0.0,0.0,0.0,0.00035,0.0001
-1,49600,AMETHYSTS,9995,24,,,,,10005,24,,,,,10000.0,0.0,[],0.0,0.0003,0.0001,0.0,0.0
-1,49700,AMETHYSTS,9998,7,9996.0,2.0,9995.0,26.0,10004,2,10005.0,26.0,,,10001.0,0.0,[],-9.999000099990002e-05,-9.999000099990002e-05,-9.999000099990002e-05,-9.999000099990002e-05,0.00019998000199980003
-1,49800,AMETHYSTS,9996,2,9995.0,23.0,,,10004,2,10005.0,23.0,,,10000.0,0.0,[],-0.00015,0.0003,0.0,0.0,0.0
-1,49900,AMETHYSTS,9998,3,9995.0,23.0,,,10005,23,,,,,10001.5,0.0,"[('9998.0', '6'), ('10005.0', '2')]",-0.00024996250562415637,-0.00014997750337449384,-0.00014997750337449384,-0.00024996250562415637,-0.00014997750337449384
-1,50000,AMETHYSTS,9996,1,9995.0,20.0,,,10004,1,10005.0,20.0,,,10000.0,0.0,[],0.0,0.0,0.00015,0.00015,0.0
-1,50100,AMETHYSTS,9995,24,,,,,10005,24,,,,,10000.0,0.0,[],0.0003,0.0001,0.0,0.0,0.0
-1,50200,AMETHYSTS,9995,24,,,,,10005,24,,,,,10000.0,0.0,[],0.0,0.0,0.0,0.0,0.0
-1,50300,AMETHYSTS,9995,30,,,,,10002,10,10005.0,30.0,,,9998.5,0.0,[],0.000450067510126519,0.00015002250337550632,0.000450067510126519,0.00015002250337550632,-0.00015002250337550632
-1,50400,AMETHYSTS,9998,4,9996.0,1.0,9995.0,22.0,10000,2,10004.0,1.0,10005.0,22.0,9999.0,0.0,"[('9998.0', '1')]",0.00010001000100010001,-5.000500050005001e-05,0.00020002000200020003,-0.00020002000200020003,0.00010001000100010001
-1,50500,AMETHYSTS,9996,2,9995.0,23.0,,,10004,2,10005.0,23.0,,,10000.0,0.0,[],0.0,0.0,-0.0003,0.0,-0.00025
-1,50600,AMETHYSTS,10002,1,9996.0,2.0,9995.0,21.0,10004,2,10005.0,21.0,,,10003.0,0.0,"[('10002.0', '1')]",-0.00019994001799460162,-0.00019994001799460162,-0.00039988003598920324,-0.00029991002699190244,-0.00029991002699190244
-1,50700,AMETHYSTS,9996,2,9995.0,22.0,,,10004,2,10005.0,22.0,,,10000.0,0.0,[],0.0,0.0,0.0,0.0,0.0
-1,50800,AMETHYSTS,10002,5,9996.0,2.0,9995.0,22.0,10004,2,10005.0,22.0,,,10003.0,0.0,[],-0.00029991002699190244,-0.00029991002699190244,-0.00029991002699190244,0.0,4.9985004498650404e-05
-1,50900,AMETHYSTS,9996,1,9995.0,27.0,,,10004,1,10005.0,27.0,,,10000.0,0.0,[],-0.00015,0.0,0.0,0.0,0.0
-1,51000,AMETHYSTS,9996,2,9995.0,26.0,,,10004,2,10005.0,26.0,,,10000.0,0.0,[],0.0,0.00015,0.0003,0.0,-0.0001
-1,51100,AMETHYSTS,9998,6,9996.0,1.0,9995.0,25.0,10004,1,10005.0,25.0,,,10001.0,0.0,[],0.0,-9.999000099990002e-05,-9.999000099990002e-05,-9.999000099990002e-05,0.0
-1,51200,AMETHYSTS,9996,2,9995.0,28.0,,,10004,2,10005.0,28.0,,,10000.0,0.0,[],0.0,0.0,0.0,-0.0001,0.0003
-1,51300,AMETHYSTS,9996,1,9995.0,24.0,,,10004,1,10005.0,24.0,,,10000.0,0.0,[],0.0,0.0003,0.0,0.0,-0.0001
-1,51400,AMETHYSTS,9995,30,,,,,10002,3,10005.0,30.0,,,9998.5,0.0,[],0.00015002250337550632,0.00025003750562584387,0.00025003750562584387,0.00015002250337550632,5.000750112516878e-05
-1,51500,AMETHYSTS,9995,30,,,,,10005,30,,,,,10000.0,0.0,[],0.00015,-0.0003,-0.0001,0.0,0.0003
-1,51600,AMETHYSTS,10000,5,9996.0,2.0,9995.0,22.0,10002,1,10004.0,2.0,10005.0,22.0,10001.0,0.0,"[('10002.0', '1'), ('10002.0', '1')]",-9.999000099990002e-05,-0.00019998000199980003,-0.00044995500449955,-9.999000099990002e-05,-0.00039996000399960006
-1,51700,AMETHYSTS,9995,20,,,,,10005,20,,,,,10000.0,0.0,"[('9995.0', '11')]",0.0,0.0,0.00015,0.0,0.0
-1,51800,AMETHYSTS,9996,1,9995.0,24.0,,,10004,1,10005.0,24.0,,,10000.0,0.0,[],0.0003,0.0,0.00035,0.0,0.0003
-1,51900,AMETHYSTS,9996,1,9995.0,23.0,,,10004,1,10005.0,23.0,,,10000.0,0.0,"[('9996.0', '1')]",0.0001,0.0,0.0,-0.00035,0.0003
-1,52000,AMETHYSTS,9998,3,9995.0,29.0,,,10005,29,,,,,10001.5,0.0,[],-0.0004499325101234815,0.00014997750337449384,-4.999250112483127e-05,-0.00014997750337449384,-0.00014997750337449384
-1,52100,AMETHYSTS,9995,21,,,,,10005,21,,,,,10000.0,0.0,"[('9995.0', '8')]",-0.0001,0.0,0.0001,0.0,0.0
-1,52200,AMETHYSTS,9996,2,9995.0,29.0,,,10004,2,10005.0,29.0,,,10000.0,0.0,[],0.0,0.0,0.0,-0.00015,0.0
-1,52300,AMETHYSTS,10002,1,9996.0,1.0,9995.0,27.0,10004,1,10005.0,27.0,,,10003.0,0.0,"[('10002.0', '1')]",-0.00029991002699190244,-0.00029991002699190244,-0.00029991002699190244,-0.00029991002699190244,-0.00039988003598920324
-1,52400,AMETHYSTS,9998,3,9996.0,1.0,9995.0,29.0,10004,1,10005.0,29.0,,,10001.0,0.0,[],-9.999000099990002e-05,0.0,-9.999000099990002e-05,-9.999000099990002e-05,0.00019998000199980003
-1,52500,AMETHYSTS,9996,1,9995.0,27.0,,,9998,1,10004.0,1.0,10005.0,27.0,9997.0,0.0,[],0.0006001800540162049,0.00020006001800540162,0.00030009002700810244,0.00030009002700810244,0.00030009002700810244
-1,52600,AMETHYSTS,9998,1,9996.0,1.0,9995.0,22.0,10000,4,10004.0,1.0,10005.0,22.0,9999.0,0.0,[],0.00010001000100010001,-0.00025002500250025,0.00045004500450045,0.00010001000100010001,0.00010001000100010001
-1,52700,AMETHYSTS,9996,2,9995.0,25.0,,,10004,2,10005.0,25.0,,,10000.0,0.0,[],0.0,0.00015,0.0,0.0,0.0
-1,52800,AMETHYSTS,9995,26,,,,,10005,26,,,,,10000.0,0.0,[],0.0,0.00035,0.00015,0.0,0.0
-1,52900,AMETHYSTS,9995,30,,,,,10005,30,,,,,10000.0,0.0,"[('10005.0', '6')]",0.0001,0.0,-0.0001,-0.0003,0.0001
-1,53000,AMETHYSTS,10002,1,9996.0,1.0,9995.0,20.0,10004,1,10005.0,20.0,,,10003.0,0.0,[],-0.00039988003598920324,-0.00019994001799460162,-0.00039988003598920324,-0.00029991002699190244,-0.00039988003598920324
-1,53100,AMETHYSTS,9995,24,,,,,10005,24,,,,,10000.0,0.0,[],-0.00035,0.0001,0.0,0.0,-0.0001
-1,53200,AMETHYSTS,9996,1,9995.0,30.0,,,10004,1,10005.0,30.0,,,10000.0,0.0,[],0.00015,0.0,0.0,0.0,0.0
-1,53300,AMETHYSTS,9995,29,,,,,10005,29,,,,,10000.0,0.0,[],0.00035,0.0,-0.0003,0.0,0.0
-1,53400,AMETHYSTS,9998,6,9996.0,2.0,9995.0,23.0,10004,2,10005.0,23.0,,,10001.0,0.0,[],-9.999000099990002e-05,-9.999000099990002e-05,0.0,-9.999000099990002e-05,-0.00044995500449955
-1,53500,AMETHYSTS,9996,2,9995.0,21.0,,,10002,1,10004.0,2.0,10005.0,21.0,9999.0,0.0,[],0.00020002000200020003,0.00010001000100010001,-5.000500050005001e-05,0.00025002500250025,0.00010001000100010001
-1,53600,AMETHYSTS,9995,24,,,,,9998,9,10005.0,24.0,,,9996.5,0.0,[],0.0004501575551443005,0.000700245085780023,0.0003501225428900115,0.0003501225428900115,0.0003501225428900115
-1,53700,AMETHYSTS,9998,1,9995.0,30.0,,,10005,30,,,,,10001.5,0.0,[],-0.00014997750337449384,-0.00014997750337449384,-0.00014997750337449384,-0.00024996250562415637,-0.00014997750337449384
-1,53800,AMETHYSTS,10002,3,9995.0,30.0,,,10005,30,,,,,10003.5,0.0,[],-0.000349877542859999,-0.000199930024491428,-0.000249912530614285,-0.000349877542859999,-0.000349877542859999
-1,53900,AMETHYSTS,9996,2,9995.0,25.0,,,10004,2,10005.0,25.0,,,10000.0,0.0,"[('10004.0', '2')]",0.0,-0.0001,0.0,0.0,0.0
-1,54000,AMETHYSTS,9998,6,9996.0,1.0,9995.0,30.0,10004,1,10005.0,30.0,,,10001.0,0.0,[],-9.999000099990002e-05,-0.00019998000199980003,-0.00019998000199980003,4.999500049995001e-05,0.00019998000199980003
-1,54100,AMETHYSTS,9998,2,9996.0,2.0,9995.0,22.0,10004,2,10005.0,22.0,,,10001.0,0.0,"[('9998.0', '1')]",0.00024997500249975,-9.999000099990002e-05,-9.999000099990002e-05,-0.00024997500249975,9.999000099990002e-05
-1,54200,AMETHYSTS,9995,28,,,,,10005,28,,,,,10000.0,0.0,[],0.0,0.0,0.0,0.0,-0.0001
-1,54300,AMETHYSTS,9996,2,9995.0,23.0,,,10004,2,10005.0,23.0,,,10000.0,0.0,"[('10004.0', '2'), ('10004.0', '1')]",0.00015,-0.0003,0.0003,0.0001,-0.0001
-1,54400,AMETHYSTS,9995,29,,,,,10005,29,,,,,10000.0,0.0,[],-0.0001,0.0001,0.0,0.0001,0.0
-1,54500,AMETHYSTS,9996,1,9995.0,20.0,,,10004,1,10005.0,20.0,,,10000.0,0.0,[],-0.0001,-0.00015,0.0,0.0001,0.00025
-1,54600,AMETHYSTS,10002,3,9995.0,27.0,,,10005,27,,,,,10003.5,0.0,"[('10002.0', '3')]",-0.000349877542859999,-0.000349877542859999,-0.000449842555105713,-0.000349877542859999,0.0
-1,54700,AMETHYSTS,9996,2,9995.0,27.0,,,10004,2,10005.0,27.0,,,10000.0,0.0,[],0.0,0.0,-0.0001,0.0,0.0
-1,54800,AMETHYSTS,9998,8,9995.0,27.0,,,10005,27,,,,,10001.5,0.0,[],-0.0004499325101234815,-4.999250112483127e-05,0.00014997750337449384,-0.00014997750337449384,-4.999250112483127e-05
-1,54900,AMETHYSTS,9996,1,9995.0,28.0,,,10002,3,10004.0,1.0,10005.0,28.0,9999.0,0.0,[],0.00020002000200020003,0.00010001000100010001,0.00010001000100010001,0.00010001000100010001,0.00040004000400040005
-1,55000,AMETHYSTS,9996,2,9995.0,28.0,,,10002,8,10004.0,2.0,10005.0,28.0,9999.0,0.0,[],-5.000500050005001e-05,0.0,0.00010001000100010001,-0.00025002500250025,-0.00025002500250025
-1,55100,AMETHYSTS,9995,29,,,,,10005,29,,,,,10000.0,0.0,"[('10005.0', '2')]",0.0,0.0,0.0,0.0,0.0
-1,55200,AMETHYSTS,9996,2,9995.0,21.0,,,10004,2,10005.0,21.0,,,10000.0,0.0,[],0.0,0.0,0.0003,0.00015,0.0001
-1,55300,AMETHYSTS,9996,2,9995.0,27.0,,,9998,1,10002.0,2.0,10004.0,2.0,9997.0,0.0,[],0.00040012003601080324,0.0006001800540162049,0.00020006001800540162,0.00015004501350405122,0.00030009002700810244
-1,55400,AMETHYSTS,9998,3,9996.0,1.0,9995.0,21.0,10004,1,10005.0,21.0,,,10001.0,0.0,[],-9.999000099990002e-05,-9.999000099990002e-05,-9.999000099990002e-05,-0.00029997000299970003,-9.999000099990002e-05
-1,55500,AMETHYSTS,9995,25,,,,,10002,9,10005.0,25.0,,,9998.5,0.0,[],5.000750112516878e-05,0.00015002250337550632,0.00025003750562584387,0.00015002250337550632,0.00015002250337550632
-1,55600,AMETHYSTS,9995,26,,,,,10005,26,,,,,10000.0,0.0,[],0.0,-0.0001,0.0,0.00015,0.0003
-1,55700,AMETHYSTS,9996,2,9995.0,21.0,,,10004,2,10005.0,21.0,,,10000.0,0.0,"[('9996.0', '1')]",0.0,-0.0001,0.0,0.0,0.0
-1,55800,AMETHYSTS,9998,6,9996.0,1.0,9995.0,26.0,10004,1,10005.0,26.0,,,10001.0,0.0,[],0.00019998000199980003,0.00019998000199980003,0.0,4.999500049995001e-05,0.0
-1,55900,AMETHYSTS,9995,22,,,,,10005,22,,,,,10000.0,0.0,[],0.0,0.0,-0.0003,0.0,-0.00015
-1,56000,AMETHYSTS,9996,2,9995.0,22.0,,,10002,10,10004.0,2.0,10005.0,22.0,9999.0,0.0,[],0.00010001000100010001,0.00010001000100010001,-0.00020002000200020003,0.00020002000200020003,0.00020002000200020003
-1,56100,AMETHYSTS,9996,2,9995.0,20.0,,,10004,2,10005.0,20.0,,,10000.0,0.0,[],-0.0001,0.0,0.0,-0.0003,-0.0003
-1,56200,AMETHYSTS,9996,1,9995.0,29.0,,,10004,1,10005.0,29.0,,,10000.0,0.0,[],-0.0001,0.0003,0.0,0.00035,0.0
-1,56300,AMETHYSTS,10002,1,9996.0,2.0,9995.0,25.0,10004,2,10005.0,25.0,,,10003.0,0.0,[],0.0,-0.00039988003598920324,-0.00029991002699190244,-0.00029991002699190244,-0.00029991002699190244
-1,56400,AMETHYSTS,9996,1,9995.0,30.0,,,10004,1,10005.0,30.0,,,10000.0,0.0,[],0.0,0.0,0.0,-0.00035,0.00015
-1,56500,AMETHYSTS,9996,2,9995.0,27.0,,,10004,2,10005.0,27.0,,,10000.0,0.0,[],0.0,0.0001,-0.00015,0.0,0.0
-1,56600,AMETHYSTS,9996,2,9995.0,29.0,,,10002,4,10004.0,2.0,10005.0,29.0,9999.0,0.0,[],0.00010001000100010001,0.00010001000100010001,0.00045004500450045,0.00010001000100010001,0.00010001000100010001
-1,56700,AMETHYSTS,9998,3,9996.0,2.0,9995.0,24.0,10000,2,10004.0,2.0,10005.0,24.0,9999.0,0.0,[],0.00040004000400040005,0.00010001000100010001,0.00010001000100010001,0.00025002500250025,0.00010001000100010001
-1,56800,AMETHYSTS,10002,1,9998.0,10.0,9996.0,2.0,10004,2,10005.0,22.0,,,10003.0,0.0,[],-0.00039988003598920324,-0.00019994001799460162,-0.00044986504048785366,-0.00029991002699190244,-0.00029991002699190244
-1,56900,AMETHYSTS,9996,2,9995.0,20.0,,,10004,2,10005.0,20.0,,,10000.0,0.0,[],0.0,-0.0003,0.0,0.00015,0.00015
-1,57000,AMETHYSTS,9996,1,9995.0,27.0,,,10004,1,10005.0,27.0,,,10000.0,0.0,[],0.0001,-0.0003,0.0,0.0,-0.0001
-1,57100,AMETHYSTS,9996,2,9995.0,25.0,,,10004,2,10005.0,25.0,,,10000.0,0.0,[],0.0,0.0,0.0,0.0,0.0002
-1,57200,AMETHYSTS,10002,2,9996.0,1.0,9995.0,26.0,10004,1,10005.0,26.0,,,10003.0,0.0,"[('10002.0', '2')]",-0.00029991002699190244,-0.00029991002699190244,-0.00019994001799460162,-0.00039988003598920324,-0.00029991002699190244
-1,57300,AMETHYSTS,9996,1,9995.0,26.0,,,10002,9,10004.0,1.0,10005.0,26.0,9999.0,0.0,[],0.00020002000200020003,0.00010001000100010001,0.00010001000100010001,-0.00025002500250025,0.00010001000100010001
-1,57400,AMETHYSTS,9995,24,,,,,10005,24,,,,,10000.0,0.0,[],-0.0003,0.0,0.0,0.0001,-0.00015
-1,57500,AMETHYSTS,9998,5,9996.0,2.0,9995.0,23.0,10004,2,10005.0,23.0,,,10001.0,0.0,[],-0.00039996000399960006,-0.00024997500249975,0.00024997500249975,-9.999000099990002e-05,-9.999000099990002e-05
-1,57600,AMETHYSTS,9995,24,,,,,10005,24,,,,,10000.0,0.0,[],0.0,0.00035,0.0,0.0,0.0
-1,57700,AMETHYSTS,9995,29,,,,,10005,29,,,,,10000.0,0.0,[],0.0,0.0,0.0,0.0,0.0
-1,57800,AMETHYSTS,9998,1,9996.0,2.0,9995.0,29.0,10004,2,10005.0,29.0,,,10001.0,0.0,"[('9998.0', '1')]",-9.999000099990002e-05,-0.00024997500249975,-9.999000099990002e-05,4.999500049995001e-05,-9.999000099990002e-05
-1,57900,AMETHYSTS,9996,2,9995.0,25.0,,,9998,1,10000.0,6.0,10004.0,2.0,9997.0,0.0,"[('9998.0', '1')]",0.00030009002700810244,0.00030009002700810244,0.00020006001800540162,0.00030009002700810244,0.0006001800540162049
-1,58000,AMETHYSTS,9996,1,9995.0,24.0,,,9998,4,10004.0,1.0,10005.0,24.0,9997.0,0.0,"[('9998.0', '4')]",0.00015004501350405122,0.00030009002700810244,0.00045013504051215364,0.00030009002700810244,-5.0015004501350405e-05
-1,58100,AMETHYSTS,9995,23,,,,,10005,23,,,,,10000.0,0.0,"[('10005.0', '3')]",0.00035,0.0,0.0,0.0,0.0003
-1,58200,AMETHYSTS,9996,1,9995.0,30.0,,,10004,1,10005.0,30.0,,,10000.0,0.0,[],0.0,0.0001,0.0,0.0,0.00015
-1,58300,AMETHYSTS,9995,29,,,,,10005,29,,,,,10000.0,0.0,[],-0.00015,0.0,0.0,0.0,0.0
-1,58400,AMETHYSTS,9996,2,9995.0,21.0,,,10004,2,10005.0,21.0,,,10000.0,0.0,[],0.0,0.0,-0.0003,0.0,0.0
-1,58500,AMETHYSTS,9995,21,,,,,10002,1,10005.0,21.0,,,9998.5,0.0,[],0.00015002250337550632,0.0005000750112516877,0.00015002250337550632,0.0,0.00025003750562584387
-1,58600,AMETHYSTS,10002,1,9995.0,25.0,,,10005,25,,,,,10003.5,0.0,"[('10002.0', '1')]",-0.000349877542859999,-0.000349877542859999,-0.000349877542859999,-0.000349877542859999,-0.00049982506122857
-1,58700,AMETHYSTS,9996,2,9995.0,30.0,,,10004,2,10005.0,30.0,,,10000.0,0.0,[],0.0001,0.0,0.0,0.0,-0.0003
-1,58800,AMETHYSTS,9995,29,,,,,10002,1,10005.0,29.0,,,9998.5,0.0,"[('9995.0', '12')]",0.00015002250337550632,0.00015002250337550632,0.000450067510126519,-0.0002000300045006751,0.0005000750112516877
-1,58900,AMETHYSTS,9996,1,9995.0,24.0,,,10004,1,10005.0,24.0,,,10000.0,0.0,[],0.0,-0.0001,0.0,0.0,0.00035
-1,59000,AMETHYSTS,9996,2,9995.0,20.0,,,10004,2,10005.0,20.0,,,10000.0,0.0,[],0.00035,0.00015,0.0,0.0,0.00015
-1,59100,AMETHYSTS,9995,27,,,,,10005,27,,,,,10000.0,0.0,"[('10005.0', '1')]",0.0,0.0,0.0,0.0001,0.0
-1,59200,AMETHYSTS,9998,4,9996.0,2.0,9995.0,29.0,10004,2,10005.0,29.0,,,10001.0,0.0,[],-9.999000099990002e-05,-9.999000099990002e-05,-0.00019998000199980003,-9.999000099990002e-05,-0.00039996000399960006
-1,59300,AMETHYSTS,9996,1,9995.0,26.0,,,10004,1,10005.0,26.0,,,10000.0,0.0,[],0.0,0.0,0.0,-0.00035,0.0001
-1,59400,AMETHYSTS,9996,1,9995.0,21.0,,,10004,1,10005.0,21.0,,,10000.0,0.0,[],-0.0001,-0.0003,0.0,0.0003,0.0001
-1,59500,AMETHYSTS,10002,5,9995.0,23.0,,,10005,23,,,,,10003.5,0.0,[],-0.000199930024491428,-0.000349877542859999,-0.000349877542859999,-0.000249912530614285,-0.000349877542859999
-1,59600,AMETHYSTS,9996,2,9995.0,27.0,,,10004,2,10005.0,27.0,,,10000.0,0.0,[],0.0,0.0,0.0,0.0,-0.00015
-1,59700,AMETHYSTS,9995,21,,,,,10005,21,,,,,10000.0,0.0,[],0.0,0.0,0.0,0.0003,0.0
-1,59800,AMETHYSTS,9996,1,9995.0,24.0,,,10004,1,10005.0,24.0,,,10000.0,0.0,[],0.0,0.0003,0.0,0.0,0.00035
-1,59900,AMETHYSTS,9996,1,9995.0,23.0,,,10002,6,10004.0,1.0,10005.0,23.0,9999.0,0.0,[],-0.00020002000200020003,0.00010001000100010001,-0.00025002500250025,0.00010001000100010001,0.00020002000200020003
-1,60000,AMETHYSTS,9998,3,9995.0,22.0,,,10005,22,,,,,10001.5,0.0,"[('10005.0', '1'), ('9998.0', '2')]",-0.00014997750337449384,-0.00014997750337449384,-0.00014997750337449384,-0.00014997750337449384,-0.00014997750337449384
-1,60100,AMETHYSTS,9996,2,9995.0,25.0,,,10004,2,10005.0,25.0,,,10000.0,0.0,[],0.0,0.0,0.0,0.0,0.0
-1,60200,AMETHYSTS,9995,25,,,,,10005,25,,,,,10000.0,0.0,"[('9995.0', '8')]",0.0,-0.0001,-0.00015,0.0,0.0
-1,60300,AMETHYSTS,9996,1,9995.0,27.0,,,10004,1,10005.0,27.0,,,10000.0,0.0,[],0.0003,0.0,0.0,-0.0003,0.0
-1,60400,AMETHYSTS,9996,1,9995.0,20.0,,,9998,1,10004.0,1.0,10005.0,20.0,9997.0,0.0,[],0.00030009002700810244,0.00030009002700810244,0.00030009002700810244,0.00030009002700810244,0.00030009002700810244
-1,60500,AMETHYSTS,9996,1,9995.0,23.0,,,10004,1,10005.0,23.0,,,10000.0,0.0,[],0.0,0.0,0.0,-0.00025,-0.0002
-1,60600,AMETHYSTS,9996,2,9995.0,22.0,,,10004,2,10005.0,22.0,,,10000.0,0.0,[],0.0,0.0,0.0,0.0,-0.0001
-1,60700,AMETHYSTS,9995,22,,,,,10005,22,,,,,10000.0,0.0,[],-0.0001,0.0,0.0,0.0,0.0
-1,60800,AMETHYSTS,10002,10,9996.0,2.0,9995.0,30.0,10004,2,10005.0,30.0,,,10003.0,0.0,[],-0.00029991002699190244,-0.00029991002699190244,-0.00029991002699190244,4.9985004498650404e-05,-0.00039988003598920324
-1,60900,AMETHYSTS,9996,2,9995.0,29.0,,,10004,2,10005.0,29.0,,,10000.0,0.0,[],0.0,-0.00035,-0.0003,0.0,-0.00015
-1,61000,AMETHYSTS,9995,28,,,,,10005,28,,,,,10000.0,0.0,[],0.0,0.0,0.0,-0.0001,0.0
-1,61100,AMETHYSTS,9995,29,,,,,10005,29,,,,,10000.0,0.0,[],0.0,0.0,0.0,0.0001,0.0
-1,61200,AMETHYSTS,9998,9,9996.0,1.0,9995.0,21.0,10000,2,10004.0,1.0,10005.0,21.0,9999.0,0.0,[],0.00010001000100010001,-5.000500050005001e-05,0.00010001000100010001,0.00040004000400040005,0.00010001000100010001
-1,61300,AMETHYSTS,9996,1,9995.0,22.0,,,10004,1,10005.0,22.0,,,10000.0,0.0,[],0.0,0.0,0.0,-0.0001,0.0
-1,61400,AMETHYSTS,9996,1,9995.0,30.0,,,10004,1,10005.0,30.0,,,10000.0,0.0,[],-0.00035,0.0,0.0,-0.0001,0.0
-1,61500,AMETHYSTS,9996,2,9995.0,27.0,,,10004,2,10005.0,27.0,,,10000.0,0.0,[],0.0,0.0,0.00015,0.0003,0.0
-1,61600,AMETHYSTS,9996,2,9995.0,28.0,,,10004,2,10005.0,28.0,,,10000.0,0.0,[],0.0,0.0,0.0,-0.0003,0.0
-1,61700,AMETHYSTS,9996,1,9995.0,26.0,,,10004,1,10005.0,26.0,,,10000.0,0.0,[],-0.00015,0.0,-0.0001,0.0,0.0
-1,61800,AMETHYSTS,9995,20,,,,,10005,20,,,,,10000.0,0.0,[],0.0,0.0,0.0,0.0003,0.0003
-1,61900,AMETHYSTS,9995,26,,,,,9998,1,10005.0,26.0,,,9996.5,0.0,"[('9998.0', '1')]",0.0003501225428900115,5.00175061271445e-05,0.0003501225428900115,0.0006502275796528785,5.00175061271445e-05
-1,62000,AMETHYSTS,9995,20,,,,,10005,20,,,,,10000.0,0.0,[],0.0,0.0,0.00015,0.0,0.0
-1,62100,AMETHYSTS,9996,2,9995.0,23.0,,,10004,2,10005.0,23.0,,,10000.0,0.0,[],0.0,0.0,-0.00015,0.0,0.0
-1,62200,AMETHYSTS,9995,25,,,,,10002,3,10005.0,25.0,,,9998.5,0.0,"[('10002.0', '4')]",0.00015002250337550632,0.00015002250337550632,0.00015002250337550632,0.00015002250337550632,0.000450067510126519
-1,62300,AMETHYSTS,9995,22,,,,,10005,22,,,,,10000.0,0.0,"[('10005.0', '2')]",0.0,0.0,0.0001,-0.0001,0.0
-1,62400,AMETHYSTS,9996,2,9995.0,23.0,,,10004,2,10005.0,23.0,,,10000.0,0.0,[],-0.0003,0.0,0.0001,0.0003,0.0
-1,62500,AMETHYSTS,9996,1,9995.0,23.0,,,10004,1,10005.0,23.0,,,10000.0,0.0,[],0.0,0.00015,0.0001,0.0,0.0
-1,62600,AMETHYSTS,9995,29,,,,,10005,29,,,,,10000.0,0.0,[],0.0,0.0,0.0,0.0,-0.0001
-1,62700,AMETHYSTS,9996,2,9995.0,24.0,,,10004,2,10005.0,24.0,,,10000.0,0.0,[],0.0,-0.0001,0.0,0.0,0.0001
-1,62800,AMETHYSTS,9995,26,,,,,10005,26,,,,,10000.0,0.0,[],0.0,0.0,0.0,0.0,-0.0001
-1,62900,AMETHYSTS,9996,2,9995.0,27.0,,,9998,4,10004.0,2.0,10005.0,27.0,9997.0,0.0,"[('9998.0', '4')]",0.00030009002700810244,0.00030009002700810244,0.00030009002700810244,0.00040012003601080324,-5.0015004501350405e-05
-1,63000,AMETHYSTS,9995,29,,,,,10005,29,,,,,10000.0,0.0,[],0.00015,0.00015,-0.00035,-0.0001,0.0
-1,63100,AMETHYSTS,9996,2,9995.0,24.0,,,10004,2,10005.0,24.0,,,10000.0,0.0,[],0.0,-0.00015,0.0,-0.0001,-0.0003
-1,63200,AMETHYSTS,9995,28,,,,,10005,28,,,,,10000.0,0.0,[],-0.0001,0.0,0.00015,0.0,0.0
-1,63300,AMETHYSTS,9996,2,9995.0,30.0,,,10004,2,10005.0,30.0,,,10000.0,0.0,[],0.0,0.0001,-0.00015,0.0,0.0
-1,63400,AMETHYSTS,9996,2,9995.0,24.0,,,10004,2,10005.0,24.0,,,10000.0,0.0,[],0.0,0.0001,-0.0002,-0.00035,-0.0001
-1,63500,AMETHYSTS,9998,8,9995.0,20.0,,,10005,20,,,,,10001.5,0.0,[],0.0,-4.999250112483127e-05,-0.00014997750337449384,-0.00014997750337449384,-0.00014997750337449384
-1,63600,AMETHYSTS,9995,21,,,,,10005,21,,,,,10000.0,0.0,[],-0.00015,0.0,0.00015,0.0,0.0
-1,63700,AMETHYSTS,9996,2,9995.0,28.0,,,10002,6,10004.0,2.0,10005.0,28.0,9999.0,0.0,[],0.00010001000100010001,0.00010001000100010001,0.00010001000100010001,0.00010001000100010001,0.00010001000100010001
-1,63800,AMETHYSTS,9996,1,9995.0,21.0,,,10004,1,10005.0,21.0,,,10000.0,0.0,[],0.0001,0.0,0.00015,0.0,0.0
-1,63900,AMETHYSTS,9995,21,,,,,10005,21,,,,,10000.0,0.0,"[('9995.0', '12')]",0.0001,0.0,0.0,0.0,0.0
-1,64000,AMETHYSTS,9998,6,9995.0,30.0,,,10005,30,,,,,10001.5,0.0,"[('9998.0', '1')]",-4.999250112483127e-05,-0.0004999250112483127,-4.999250112483127e-05,0.00014997750337449384,-0.0004499325101234815
-1,64100,AMETHYSTS,9995,27,,,,,10002,6,10005.0,27.0,,,9998.5,0.0,[],0.00015002250337550632,0.00015002250337550632,-0.00015002250337550632,0.00035005250787618143,0.00015002250337550632
-1,64200,AMETHYSTS,9996,1,9995.0,24.0,,,10004,1,10005.0,24.0,,,10000.0,0.0,"[('9996.0', '1'), ('9996.0', '2')]",0.0,0.00015,0.00035,-0.0001,0.0
-1,64300,AMETHYSTS,9998,7,9996.0,1.0,9995.0,22.0,10004,1,10005.0,22.0,,,10001.0,0.0,[],-9.999000099990002e-05,-0.00024997500249975,-9.999000099990002e-05,-0.00019998000199980003,0.0
-1,64400,AMETHYSTS,9998,8,9996.0,2.0,9995.0,27.0,10004,2,10005.0,27.0,,,10001.0,0.0,"[('9998.0', '4')]",-9.999000099990002e-05,-0.00029997000299970003,-0.00044995500449955,-9.999000099990002e-05,-9.999000099990002e-05
-1,64500,AMETHYSTS,9998,5,9996.0,2.0,9995.0,27.0,10004,2,10005.0,27.0,,,10001.0,0.0,"[('9998.0', '1')]",-0.00044995500449955,-9.999000099990002e-05,-9.999000099990002e-05,0.00014998500149985002,0.0
-1,64600,AMETHYSTS,9995,26,,,,,10005,26,,,,,10000.0,0.0,[],0.0,0.00015,0.0,0.00035,-0.0003
-1,64700,AMETHYSTS,9995,28,,,,,10005,28,,,,,10000.0,0.0,[],0.00015,0.0,0.00015,0.0,0.0
-1,64800,AMETHYSTS,9996,2,9995.0,30.0,,,10004,2,10005.0,30.0,,,10000.0,0.0,[],-0.00015,0.00015,0.0,0.0001,0.0
-1,64900,AMETHYSTS,9996,2,9995.0,29.0,,,10004,2,10005.0,29.0,,,10000.0,0.0,[],-0.0002,0.0,0.00015,0.0003,0.0
-1,65000,AMETHYSTS,9995,25,,,,,9998,1,10005.0,25.0,,,9996.5,0.0,"[('9998.0', '1')]",0.0003501225428900115,0.0004501575551443005,0.0003501225428900115,0.0,0.0
-1,65100,AMETHYSTS,9996,2,9995.0,23.0,,,10004,2,10005.0,23.0,,,10000.0,0.0,"[('9996.0', '1'), ('9996.0', '2')]",0.00015,-0.0003,0.0,0.0,0.0
-1,65200,AMETHYSTS,9998,8,9995.0,29.0,,,10005,29,,,,,10001.5,0.0,[],-0.00014997750337449384,0.0001999700044993251,-0.00024996250562415637,-4.999250112483127e-05,-0.00014997750337449384
-1,65300,AMETHYSTS,9995,21,,,,,10002,3,10005.0,21.0,,,9998.5,0.0,"[('10002.0', '2')]",0.00030004500675101265,0.00015002250337550632,-0.0002000300045006751,0.00015002250337550632,0.00015002250337550632
-1,65400,AMETHYSTS,9996,2,9995.0,26.0,,,10000,3,10004.0,2.0,10005.0,26.0,9998.0,0.0,[],0.00020004000800160032,-0.00015003000600120024,0.0003000600120024005,0.00020004000800160032,0.00020004000800160032
-1,65500,AMETHYSTS,9996,2,9995.0,27.0,,,10004,2,10005.0,27.0,,,10000.0,0.0,[],0.0001,0.0,0.0,0.0,-0.0001
-1,65600,AMETHYSTS,9998,5,9995.0,20.0,,,10005,20,,,,,10001.5,0.0,[],-0.0004499325101234815,-0.00014997750337449384,-0.00014997750337449384,0.00014997750337449384,-0.00014997750337449384
-1,65700,AMETHYSTS,9995,29,,,,,10005,29,,,,,10000.0,0.0,[],0.00035,0.00015,0.0,0.0,0.0003
-1,65800,AMETHYSTS,9998,9,9995.0,20.0,,,10005,20,,,,,10001.5,0.0,[],-0.00014997750337449384,-0.00014997750337449384,0.0,-4.999250112483127e-05,-0.00024996250562415637
-1,65900,AMETHYSTS,9996,1,9995.0,23.0,,,10004,1,10005.0,23.0,,,10000.0,0.0,[],-0.00035,0.00015,0.0,-0.00015,-0.0003
-1,66000,AMETHYSTS,9998,4,9996.0,2.0,9995.0,22.0,10004,2,10005.0,22.0,,,10001.0,0.0,"[('9998.0', '1')]",-9.999000099990002e-05,-9.999000099990002e-05,-9.999000099990002e-05,0.0,9.999000099990002e-05
-1,66100,AMETHYSTS,9996,1,9995.0,26.0,,,9998,1,10004.0,1.0,10005.0,26.0,9997.0,0.0,[],0.00030009002700810244,0.00030009002700810244,0.00030009002700810244,0.0,0.0006001800540162049
-1,66200,AMETHYSTS,10002,1,10000.0,5.0,9995.0,20.0,10005,20,,,,,10003.5,0.0,[],-0.000199930024491428,-0.000449842555105713,-0.000349877542859999,-0.000349877542859999,-0.000349877542859999
-1,66300,AMETHYSTS,9996,1,9995.0,24.0,,,10004,1,10005.0,24.0,,,10000.0,0.0,[],0.0,-0.00035,0.0,0.0,0.00015
-1,66400,AMETHYSTS,9995,21,,,,,9998,3,10005.0,21.0,,,9996.5,0.0,[],0.000500175061271445,0.0004501575551443005,0.0003501225428900115,0.000500175061271445,0.0003501225428900115
-1,66500,AMETHYSTS,9996,2,9995.0,20.0,,,10004,2,10005.0,20.0,,,10000.0,0.0,[],0.0,0.0,-0.00015,0.0,0.0001
-1,66600,AMETHYSTS,9995,22,,,,,10005,22,,,,,10000.0,0.0,[],0.0,0.0,0.0,0.0,0.0
-1,66700,AMETHYSTS,9998,9,9995.0,27.0,,,10005,27,,,,,10001.5,0.0,[],-0.00024996250562415637,-0.00014997750337449384,-0.00014997750337449384,-0.00014997750337449384,9.998500224966255e-05
-1,66800,AMETHYSTS,9995,30,,,,,10005,30,,,,,10000.0,0.0,[],-0.00035,0.00015,-0.00035,0.0,0.0003
-1,66900,AMETHYSTS,9998,4,9995.0,23.0,,,10005,23,,,,,10001.5,0.0,[],-4.999250112483127e-05,-0.00014997750337449384,-0.00014997750337449384,0.0,-0.00014997750337449384
-1,67000,AMETHYSTS,9996,1,9995.0,24.0,,,10004,1,10005.0,24.0,,,10000.0,0.0,[],0.0,0.0,0.0,-0.0001,0.0
-1,67100,AMETHYSTS,9995,23,,,,,10005,23,,,,,10000.0,0.0,[],0.0,0.0,0.0001,0.0002,0.0
-1,67200,AMETHYSTS,9996,2,9995.0,20.0,,,10002,3,10004.0,2.0,10005.0,20.0,9999.0,0.0,[],0.00010001000100010001,0.00010001000100010001,0.00010001000100010001,0.00010001000100010001,0.00010001000100010001
-1,67300,AMETHYSTS,9995,30,,,,,9998,3,10005.0,30.0,,,9996.5,0.0,"[('9998.0', '5')]",0.000500175061271445,0.0003501225428900115,0.0,0.0003501225428900115,0.0003501225428900115
-1,67400,AMETHYSTS,9998,4,9996.0,1.0,9995.0,25.0,10004,1,10005.0,25.0,,,10001.0,0.0,[],-9.999000099990002e-05,-9.999000099990002e-05,0.00019998000199980003,-0.00024997500249975,-9.999000099990002e-05
-1,67500,AMETHYSTS,9995,21,,,,,10005,21,,,,,10000.0,0.0,[],0.0,-0.00015,0.0001,0.0,0.0
-1,67600,AMETHYSTS,9996,2,9995.0,25.0,,,10004,2,10005.0,25.0,,,10000.0,0.0,[],0.0,0.0,0.0,0.0,0.00015
-1,67700,AMETHYSTS,9996,1,9995.0,29.0,,,10004,1,10005.0,29.0,,,10000.0,0.0,[],0.0,0.0,0.0003,0.0,0.0
-1,67800,AMETHYSTS,9998,3,9995.0,30.0,,,10005,30,,,,,10001.5,0.0,[],-0.00014997750337449384,-0.0004999250112483127,-0.00014997750337449384,-0.00014997750337449384,0.0
-1,67900,AMETHYSTS,9995,25,,,,,10005,25,,,,,10000.0,0.0,[],0.0,0.0,0.0,0.0003,0.0
-1,68000,AMETHYSTS,9996,2,9995.0,21.0,,,10004,2,10005.0,21.0,,,10000.0,0.0,[],-0.00015,0.0,0.0,-0.00035,0.0
-1,68100,AMETHYSTS,9996,2,9995.0,29.0,,,10004,2,10005.0,29.0,,,10000.0,0.0,"[('9998.0', '2')]",0.0,0.0001,0.0,0.0003,-0.0003
-1,68200,AMETHYSTS,9996,2,9995.0,29.0,,,10004,2,10005.0,29.0,,,10000.0,0.0,[],0.0,0.0,0.0,0.00015,0.0003
-1,68300,AMETHYSTS,9996,1,9995.0,28.0,,,10004,1,10005.0,28.0,,,10000.0,0.0,[],-0.00035,-0.00035,-0.0003,0.0,0.0001
-1,68400,AMETHYSTS,9996,2,9995.0,26.0,,,10004,2,10005.0,26.0,,,10000.0,0.0,[],0.0,0.0003,0.0,0.0,-0.00015
-1,68500,AMETHYSTS,9995,23,,,,,10002,5,10005.0,23.0,,,9998.5,0.0,[],0.00015002250337550632,0.00025003750562584387,-0.00010001500225033755,0.00025003750562584387,0.0005000750112516877
-1,68600,AMETHYSTS,9996,1,9995.0,24.0,,,10004,1,10005.0,24.0,,,10000.0,0.0,[],0.0001,0.0,0.0,-0.00015,-0.00025
-1,68700,AMETHYSTS,9996,1,9995.0,27.0,,,10004,1,10005.0,27.0,,,10000.0,0.0,[],0.0,0.0003,0.0,-0.0003,0.00015
-1,68800,AMETHYSTS,9995,22,,,,,9998,1,10005.0,22.0,,,9996.5,0.0,[],0.0,0.0003501225428900115,0.000700245085780023,0.000700245085780023,0.0004501575551443005
